1725 2400
465 321 86 25 THE
570 321 185 26 SCHOOLS
773 321 79 26 FOR
875 321 84 25 THE
978 321 140 25 FREED
1119 321 102 26 MEN.
1325 327 14 24 7

342 411 105 32 Their
477 411 169 39 gratitude
678 411 49 39 for
759 410 199 41 instruction
990 421 69 30 was
1092 422 36 29 as
1152 411 126 39 fervent
1302 422 36 29 as

343 462 88 30 their
448 462 105 31 desire
578 462 51 30 for
654 462 25 31 it
701 473 69 20 was
795 472 174 27 ravenous,
1004 462 63 37 and
1094 462 85 37 their
1210 461 128 38 attach¬

345 517 93 27 ment
455 518 34 27 to
506 513 88 32 their
609 513 155 32 teachers
781 524 69 21 was
868 516 87 28 most
975 513 150 31 devoted.

388 564 74 31 The
480 565 72 30 first
578 565 116 30 school
715 565 49 30 for
786 565 57 30 the
866 564 167 31 freedmen
1056 575 69 21 was
1148 564 124 31 started
1297 565 42 39 by

344 615 154 30 teachers
516 619 73 27 sent
609 619 57 27 out
688 616 50 30 for
759 615 74 31 that
857 626 139 29 purpose
1019 615 42 40 by
1083 615 56 40 the
1162 615 175 40 American

347 666 202 41 Missionary
566 666 224 40 Association.
837 666 84 40 This
936 666 126 40 society
1077 675 69 32 was
1161 666 126 40 formed
1305 666 33 40 in

347 717 93 40 1846,
468 717 144 40 because
641 717 34 40 of
696 717 57 40 the
783 717 213 40 acquiescent
1023 717 142 40 attitude
1192 718 144 39 towards

345 768 130 39 slavery
507 768 35 39 of
571 771 87 36 most
687 768 35 40 of
742 768 57 39 the
828 768 90 39 older
945 768 199 41 missionary
1170 768 166 41 organisa¬

345 819 100 31 tions.
488 820 30 30 It
536 819 66 31 had
621 819 172 32 sustained
812 819 156 31 missions
987 830 123 29 among
1126 819 56 40 the
1200 830 138 29 negroes

345 871 36 30 of
401 870 154 42 Jamaica
594 870 66 42 and
691 871 97 42 West
813 870 121 42 Africa.
984 871 48 42 Its
1061 870 98 42 home
1185 870 150 42 mission¬

347 922 85 30 aries
459 922 34 30 in
519 921 57 30 the
603 921 247 40 slave-holding
876 921 123 39 States,
1017 921 98 40 while
1143 921 139 40 striving
1303 925 34 36 to

346 972 99 31 reach
470 972 81 32 both
579 972 101 31 white
714 972 64 31 and
806 972 97 31 black
930 972 81 32 with
1038 972 130 32 schools
1194 972 63 32 and
1283 972 56 32 the

347 1023 185 39 preaching
548 1022 35 40 of
596 1022 57 40 the
673 1023 137 39 Gospel,
830 1023 67 39 had
915 1023 123 41 always
1051 1023 170 41 faithfully
1238 1023 100 41 borne

345 1073 185 40 testimony
549 1073 132 40 against
699 1073 56 40 the
773 1077 93 36 great
890 1073 50 40 sin
963 1074 34 39 of
1022 1074 135 40 slavery.
1221 1074 30 40 It
1274 1073 64 41 had

347 1125 57 30 the
423 1125 191 31 confidence
632 1125 65 31 and
715 1129 137 35 support
871 1125 34 39 of
918 1125 56 39 the
992 1125 123 39 friends
1133 1125 34 39 of
1180 1125 156 39 freedom.

348 1176 75 30 And
440 1175 96 30 when
553 1175 68 30 this
638 1179 94 36 great
756 1176 76 39 task
856 1176 34 39 of
911 1175 114 40 giving
1045 1186 90 29 more
1160 1176 81 39 than
1266 1176 72 39 four

348 1226 147 30 millions
528 1226 35 30 of
602 1225 167 31 freedmen
803 1236 18 20 a
852 1225 169 32 Christian
1062 1226 174 31 education
1269 1236 68 21 was

348 1277 162 39 suddenly
533 1276 66 40 laid
618 1287 88 29 upon
725 1277 55 39 the
798 1276 126 40 nation,
944 1276 42 40 its
1004 1275 115 41 origin,
1140 1276 42 40 its
1196 1277 141 39 associa¬

346 1327 90 30 tions
466 1327 65 30 and
550 1326 43 31 its
610 1331 75 36 past
704 1327 143 39 labours,
872 1327 43 39 all
932 1326 135 40 pointed
1083 1331 33 36 to
1134 1327 24 39 it
1175 1338 36 28 as
1233 1327 104 40 provi¬

348 1377 162 40 dentially
525 1377 130 40 trained
678 1389 43 29 up
744 1377 48 40 for
810 1378 56 39 the
890 1377 164 40 occasion.
1110 1377 72 40 And
1206 1389 87 29 upon
1315 1379 23 39 it

347 1432 88 27 most
452 1429 34 30 of
507 1428 56 30 the
579 1428 91 30 work
687 1428 60 30 has
766 1428 120 30 rested.

392 1480 39 30 In
462 1479 81 39 1863
570 1479 24 39 it
616 1479 66 39 had
706 1480 38 39 83
767 1479 168 40 ministers
957 1481 65 39 and
1044 1479 151 40 teachers
1218 1479 32 40 in
1272 1479 67 40 this

346 1530 98 37 field;
468 1531 33 36 in
529 1531 93 39 1864,
642 1540 81 30 250;
749 1531 32 39 in
811 1531 92 39 18&8,
922 1539 72 31 532.
1043 1530 97 40 Since
1167 1530 54 40 the
1250 1531 89 39 work

347 1581 108 40 began
473 1582 24 39 it
516 1581 60 40 has
595 1581 171 40 expended
790 1582 114 39 nearly
924 1579 196 42 $3,000,000
1141 1581 32 40 in
1197 1581 35 41 it.
1293 1582 45 39 As

348 1632 113 39 public
489 1632 134 39 schools
650 1643 94 28 came
769 1636 33 35 to
829 1633 39 38 be
890 1633 137 39 opened,
1045 1636 33 36 to
1101 1643 90 29 some
1214 1635 121 36 extent,

347 1683 51 31 for
423 1683 57 31 the
507 1683 156 31 coloured
692 1683 126 40 people,
837 1683 65 40 and
930 1693 36 30 as
993 1683 56 39 the
1077 1683 204 40 importance
1306 1683 33 40 of

349 1737 199 35 permanent
573 1734 210 39 institutions
807 1734 49 38 for
879 1733 56 39 the
960 1734 147 39 training
1131 1734 34 39 of
1187 1734 150 39 teachers

351 1785 65 30 and
435 1785 170 30 ministers
621 1785 84 31 from
723 1796 121 29 among
866 1785 56 40 the
948 1785 165 40 freedmen
1137 1785 201 39 themselves

348 1836 138 30 became
512 1845 90 21 more
626 1839 171 36 apparent,
817 1836 64 39 and
906 1836 57 39 the
986 1836 167 40 necessity
1173 1836 49 39 for
1246 1836 90 39 them

350 1896 90 21 more
470 1886 206 40 imperative,
695 1887 56 39 the
779 1886 211 40 Association
1017 1887 172 39 withdrew
1213 1887 48 39 for
1282 1887 54 39 the

349 1941 87 27 most
450 1942 73 35 part
537 1937 83 40 from
634 1937 67 40 this
713 1941 189 36 temporary
914 1937 145 40 primary
1071 1938 99 39 work,
1185 1937 63 40 and
1263 1947 73 30 con¬

345 1988 176 31 centrated
539 1988 42 31 its
594 1988 111 31 efforts
718 1998 88 30 upon
819 1999 18 29 a
849 1992 126 36 system
988 1988 33 40 of
1033 1988 304 40 training-schools.
