1725 2399
669 346 108 27 ELLA
799 343 230 30 SHEPPARD.

1321 352 30 26 9i

354 435 124 32 chased
500 433 60 33 her
574 432 159 37 freedom,
752 432 83 38 after
850 429 87 40 their
958 428 174 42 marriage,
1150 428 50 42 for
1216 426 131 43 $1,300.

356 488 84 30 Free
465 495 120 31 papers
609 484 98 42 could
731 487 57 39 not
805 483 40 44 be
868 480 157 46 executed
1042 480 140 47 without
1200 478 99 48 going
1314 482 35 45 to

356 550 19 21 a
401 539 68 32 free
498 538 107 33 State.
653 536 119 35 Before
796 534 26 36 it
845 544 69 27 was
938 531 198 39 convenient
1158 534 35 36 to
1210 529 96 42 make
1330 540 19 31 a

354 590 78 32 visit
460 594 36 28 to
525 588 87 33 Ohio
637 588 51 33 for
712 587 69 35 this
809 595 153 31 purpose,
991 585 41 42 he
1059 583 136 43 became
1223 581 126 45 embar¬

356 642 114 31 rassed
488 642 33 31 in
538 640 52 33 his
607 639 166 34 business.

402 693 138 39 Having
562 692 128 41 bought
715 690 52 42 his
788 689 86 44 wife,
893 688 58 45 she
972 698 69 35 was
1065 685 121 48 legally
1202 684 52 49 his
1278 694 70 39 pro¬

357 749 105 38 perty,
481 744 64 43 and
573 754 37 33 as
638 742 99 45 liable
765 746 35 41 to
827 741 39 45 be
894 740 108 47 seized
1032 738 65 49 and
1125 736 70 51 sold
1222 736 49 51 for
1299 735 51 52 his

357 797 95 31 debts
481 806 36 22 as
545 795 53 33 his
625 795 114 33 horses
768 803 96 25 were.
913 792 53 36 He
995 789 132 39 learned
1155 798 60 30 one
1243 786 105 42 night,

357 849 145 39 through
531 858 20 30 a
577 846 116 42 friend,
719 845 75 43 that
822 853 90 35 some
939 841 35 47 of
1004 841 52 47 his
1082 840 157 48 creditors
1266 848 84 40 were

358 901 174 39 intending
559 903 34 36 to
624 897 78 42 take
733 897 58 43 her
818 896 49 44 for
897 894 67 46 this
996 901 151 39 purpose.
1196 888 155 51 Without

358 952 139 38 waiting
514 962 42 28 an
573 950 94 40 hour,
686 948 41 42 he
750 946 132 44 hurried
900 945 45 45 off
964 948 34 42 to
1021 954 42 36 an
1086 941 266 49 out-of-the-way

361 1002 277 41 railway-station
654 1001 33 42 in
706 999 56 43 the
778 998 122 45 woods,
916 1006 91 36 some
1026 994 94 48 miles
1133 993 136 49 distant,
1287 992 63 51 and

361 1055 117 40 placed
505 1054 60 41 her
594 1062 42 33 on
662 1050 102 45 board
789 1050 58 45 the
873 1047 164 48 midnight
1061 1044 87 51 train
1171 1043 110 52 bound
1304 1042 49 53 for

363 1102 204 33 Cincinnati.
615 1101 89 34 Soon
729 1099 94 36 after,
841 1097 42 39 he
905 1094 152 42 followed
1077 1092 81 43 with
1175 1092 51 44 his
1251 1091 99 45 child,

362 1155 133 39 leaving
520 1152 45 42 all
588 1152 47 42 the
655 1154 60 40 rest
739 1150 35 44 of
793 1149 53 45 his
872 1150 156 44 property
1043 1149 35 45 to
1104 1143 51 51 his
1180 1142 171 52 creditors,

362 1207 66 30 and
443 1204 183 41 beginning
642 1203 54 42 life
714 1211 105 34 anew,
832 1198 141 47 without
990 1208 19 37 a
1025 1206 110 39 penny
1152 1194 33 51 of
1199 1193 50 52 his
1266 1203 84 42 own,

361 1260 34 30 in
414 1256 203 34 Cincinnati.

407 1308 119 32 Before
549 1308 79 39 they
645 1305 57 42 left
721 1302 185 45 Nashville,
926 1300 105 47 Ella's
1053 1296 129 51 mother
1198 1296 153 51 returned

363 1361 82 31 with
463 1361 59 31 her
539 1358 153 34 master's
709 1354 115 40 family
840 1358 34 36 to
891 1352 57 42 the
965 1351 67 43 city
1049 1360 41 34 on
1107 1360 19 34 a
1141 1347 88 47 visit.
1280 1347 72 48 The

363 1413 64 39 day
451 1411 109 42 before
586 1410 79 43 they
688 1417 86 36 were
800 1410 34 43 to
859 1405 92 48 leave
982 1403 78 50 they
1086 1410 81 42 gave
1194 1399 58 54 her
1283 1407 69 45 per¬

363 1462 138 32 mission
528 1466 34 28 to
592 1470 54 24 see
675 1459 59 35 her
762 1456 88 38 child
876 1455 50 39 for
951 1464 18 30 a
994 1453 62 41 few
1083 1451 155 43 minutes.
1285 1449 66 45 But

361 1515 96 30 when
475 1514 57 32 the
555 1512 81 34 time
658 1511 51 35 for
725 1508 132 41 parting
873 1515 103 34 came,
994 1503 57 45 the
1073 1502 84 47 little
1175 1511 61 38 one
1254 1500 99 49 clung

361 1571 35 26 to
418 1566 60 31 her
492 1564 52 33 till
568 1572 98 29 every
683 1558 179 43 "gather"
884 1566 69 35 was
974 1560 75 42 torn
1070 1554 82 48 from
1176 1552 58 49 her
1249 1551 102 51 dress,

363 1617 66 32 and
446 1616 57 33 the
521 1612 161 36 mother's
699 1608 210 42 expressions
926 1607 35 43 of
972 1605 85 45 grief
1069 1613 86 37 were
1171 1612 36 38 so
1224 1600 128 50 agonis¬

363 1668 72 39 ing,
453 1667 75 40 that
552 1665 81 42 they
648 1673 83 34 gave
747 1661 59 46 her
822 1658 109 49 notice
952 1656 74 51 that
1042 1655 59 52 she
1118 1653 118 54 should
1255 1661 99 46 never

365 1729 54 21 see
456 1718 57 32 the
552 1714 90 36 child
676 1711 110 42 again.
837 1709 93 44 After
958 1707 58 45 the
1052 1702 240 51 proclamation
1323 1702 33 51 of

364 1767 248 41 emancipation
639 1765 58 42 she
721 1761 100 46 found
846 1761 58 47 her
919 1769 74 39 way
1008 1757 83 51 back
1112 1760 33 48 to
1169 1752 183 55 Nashville,

364 1821 77 36 and,
459 1818 140 39 hearing
622 1815 34 42 of
678 1815 105 42 Ella's
807 1810 242 47 whereabouts,
1068 1810 72 47 sent
1164 1810 34 47 to
1224 1803 130 54 Cincin¬

363 1872 71 31 nati
459 1870 49 33 for
532 1869 58 33 her
614 1871 33 32 to
672 1875 93 27 come
798 1863 65 40 and
888 1872 54 31 see
966 1860 69 43 her,
1065 1858 63 45 and
1153 1857 79 46 they
1260 1857 95 45 spent

363 1925 93 30 three
474 1920 136 36 months
627 1917 163 40 together.

409 1976 39 30 In
478 1970 203 37 Cincinnati,
712 1968 78 39 Ella
819 1962 154 45 attended
1004 1970 18 37 a
1050 1957 153 50 coloured
1230 1956 123 51 school,

366 2023 82 33 with
466 2022 152 40 frequent
641 2017 64 45 and
727 2014 194 48 sometimes
943 2009 177 54 prolonged
1137 2009 159 54 absences
1314 2014 42 48 on
