1725 2400
480 347 196 26 TREATED
693 348 103 25 LIKE
819 348 143 25 WHITE
979 348 171 25 PEOPLE.
1280 354 28 18 21

316 435 155 30 coloured
490 435 134 39 Baptist
642 435 123 40 church
792 446 69 29 was
886 435 114 40 kindly
1025 435 116 39 placed
1165 440 33 35 at
1223 435 87 40 their

316 486 159 41 disposal.
522 487 43 39 At
591 486 108 40 Xenia
726 490 65 36 two
809 491 152 36 concerts
977 486 129 41 yielded
1124 486 90 40 them
1230 485 75 42 $84,

315 538 64 30 and
409 537 145 31 afforded
582 537 57 31 the
665 538 153 30 coloured
843 538 152 30 students
1020 537 35 32 of
1090 537 216 32 Wilberforce

317 589 197 40 University
542 600 18 30 a
588 588 158 41 stimulus
774 589 74 40 that
876 600 68 30 was
975 589 117 40 worth,
1111 588 33 41 in
1167 589 139 40 another

312 651 84 30 way,
416 641 91 39 quite
525 651 36 30 as
580 640 99 40 much
699 650 101 30 more.
848 640 66 40 For
937 640 96 40 those
1056 651 84 30 were
1167 640 79 42 days
1272 640 31 42 in

312 691 109 30 which
450 690 166 40 anything
641 691 74 39 well
739 691 84 39 done
846 691 42 39 by
910 702 18 29 a
953 691 153 39 coloured
1132 702 76 29 man
1235 702 68 29 was

312 753 40 20 an
378 741 199 41 inspiration
602 747 35 36 to
662 742 42 40 all
730 741 57 41 the
812 746 66 36 rest
904 742 35 40 of
959 742 52 40 his
1035 753 75 30 race
1133 746 33 36 to
1191 742 110 40 whose

310 793 197 39 knowledge
525 793 24 39 it
568 804 105 29 came.

352 845 43 30 At
417 844 153 36 London,
590 843 88 37 their
696 843 133 41 singing
850 844 32 40 in
903 844 198 40 Springfield
1119 844 106 40 before
1243 844 55 40 the

310 895 112 41 Synod
447 896 75 40 bore
541 894 78 42 fruit
642 895 33 41 in
699 896 57 40 the
780 895 106 41 active
905 896 111 40 efforts
1033 896 34 40 of
1086 897 56 39 the
1161 896 135 40 Presby¬

307 947 106 30 terian
446 951 114 36 pastor
591 946 33 40 in
655 947 87 39 their
773 946 120 40 behalf.
940 946 72 40 The
1045 947 148 39 Sabbath
1230 957 67 29 was

309 1002 96 36 spent
429 998 33 39 in
486 998 196 39 Columbus,
701 998 57 39 the
777 998 134 39 Singers
929 997 117 40 taking
1068 997 56 40 the
1149 997 91 40 place
1266 998 34 39 of

307 1048 56 30 the
388 1048 92 31 choir
504 1053 33 27 at
561 1059 61 20 one
648 1049 34 30 of
702 1050 57 30 the
784 1048 172 37 churches,
976 1048 63 37 and
1064 1048 132 39 singing
1219 1053 33 35 at
1277 1059 18 28 a

308 1099 269 40 Sunday-school
602 1104 131 36 concert
758 1099 108 40 which
891 1098 27 41 is
944 1098 223 41 remembered
1191 1109 36 30 as
1253 1110 39 30 an

306 1150 154 30 occasion
477 1149 35 31 of
525 1149 123 40 special
666 1150 149 39 interest.

352 1201 42 29 At
414 1201 241 39 Worthington
672 1202 80 39 they
774 1205 67 36 met
863 1211 19 30 a
903 1200 117 40 hearty
1036 1200 156 40 welcome
1210 1200 81 40 from

303 1251 86 30 Prof.
405 1251 116 39 Ogden
537 1252 64 38 and
615 1251 52 39 his
681 1251 83 39 wife,
777 1251 87 39 their
876 1251 52 39 old
943 1251 197 39 instructors
1152 1255 33 35 at
1199 1251 90 39 Fisk,

303 1300 74 30 who
401 1300 66 30 had
492 1299 84 32 done
600 1300 90 31 work
717 1299 35 32 of
783 1300 123 39 lasting
930 1300 96 39 value
1054 1299 32 40 in
1115 1299 112 40 laying
1248 1300 42 39 its

299 1350 207 36 foundation,
522 1351 57 36 but
597 1361 84 26 were
699 1361 74 26 now
790 1350 32 36 in
841 1351 120 39 charge
978 1350 35 40 of
1029 1350 53 40 the
1098 1350 84 40 Ohio
1196 1351 92 39 State

301 1401 139 31 Normal
459 1401 122 31 School
600 1406 33 27 at
650 1402 75 30 that
741 1402 105 39 place.
896 1401 108 39 There
1023 1401 79 40 they
1119 1401 168 40 remained

300 1454 125 30 several
449 1453 81 39 days
547 1452 49 40 for
614 1452 242 40 much-needed
879 1456 78 36 rest,
975 1452 114 40 giving
1113 1463 18 30 a
1155 1458 131 35 concert

296 1503 198 30 meanwhile
526 1503 123 38 which,
677 1503 122 38 thanks
831 1503 159 40 specially
1020 1507 33 36 to
1085 1503 55 40 the
1179 1503 105 40 active

296 1555 111 30 efforts
435 1554 34 30 of
493 1554 95 30 these
618 1558 64 27 two
714 1554 52 30 old
798 1554 134 36 friends,
960 1554 128 39 yielded
1118 1553 76 40 $60.
1241 1554 42 39 At

295 1605 174 30 Delaware
486 1605 88 30 their
591 1609 135 27 concert
743 1605 75 39 paid
837 1605 66 39 still
921 1605 117 39 better,
1059 1605 74 39 and,
1152 1605 48 39 for
1226 1605 55 39 the

293 1656 71 30 first
381 1656 81 30 time
480 1666 42 20 on
540 1655 88 31 their
644 1655 75 39 trip,
739 1656 79 39 they
834 1665 84 29 were
943 1654 177 40 permitted
1139 1659 32 35 to
1189 1655 41 39 sit
1248 1656 32 39 in

292 1707 55 30 the
366 1716 93 20 same
471 1706 150 39 parlours
636 1706 64 39 and
715 1710 33 35 at
762 1706 54 39 the
836 1716 90 29 same
945 1706 105 39 tables
1068 1706 32 39 in
1117 1706 54 39 the
1190 1707 89 39 hotel

291 1768 36 20 as
360 1758 101 30 white
493 1758 127 39 people.
669 1756 108 40 Three
810 1761 150 35 concerts
999 1761 33 35 at
1072 1758 206 39 Wellington

290 1809 114 30 netted
426 1808 92 30 them
539 1808 84 30 little
642 1818 89 21 more
747 1808 81 31 than
848 1808 130 39 enough
1003 1818 119 30 money
1145 1812 33 36 to
1203 1809 75 39 take

288 1860 91 30 them
405 1870 40 20 on
471 1863 35 27 to
531 1860 202 36 Cleveland;
759 1860 108 36 where
885 1860 79 39 they
982 1869 83 30 sang
1082 1869 41 30 on
1143 1860 135 39 Sunday

287 1914 33 27 at
348 1911 57 30 the
435 1911 90 30 First
549 1911 231 39 Presbyterian
802 1911 64 39 and
893 1910 178 40 Plymouth
1090 1910 186 40 Congrega¬

286 1961 104 30 tional
427 1961 183 37 Churches,
641 1960 79 38 with
758 1961 57 37 the
849 1960 206 38 satisfaction
1088 1959 72 39 that
1192 1959 86 39 their

288 2012 122 39 unique
429 2013 108 39 praise
557 2011 141 40 services
717 2012 183 39 invariably
915 2022 93 30 gave.
