1725 2400
594 311 27 24 A
642 312 153 26 LITTLE
813 313 137 25 LIGHT.

1231 323 33 27 29

268 395 33 30 in
327 395 57 31 the
415 396 186 31 Methodist
624 399 135 30 Church
791 410 85 20 were
909 401 74 30 well
1012 402 167 37 attended,
1199 402 63 36 and

267 446 89 31 their
381 452 134 27 concert
540 459 42 19 on
612 449 145 42 Monday
786 451 141 40 evening
956 452 204 41 moderately
1190 462 71 30 suc¬

269 498 134 31 cessful.

314 549 76 32 Still
408 550 135 41 moving
561 553 174 38 eastward,
753 553 81 42 they
858 565 93 30 came
976 558 77 36 next
1076 558 34 36 to
1133 556 128 40 James¬

268 606 102 34 town,
391 603 83 37 New
498 603 100 37 York,
615 604 109 36 where
749 606 57 35 the
832 606 279 39 Congregational
1137 612 123 35 pastor,

271 654 81 30 Rev.
374 654 71 30 Col.
464 654 186 37 Anderson,
669 656 73 36 who
759 667 68 24 was
849 657 144 35 familiar
1009 658 82 33 from
1110 660 150 38 personal

269 704 187 40 inspection
474 705 81 39 with
573 707 56 37 the
646 707 85 39 good
750 708 91 38 work
865 708 74 37 that
963 719 69 27 was
1056 709 98 39 being
1178 710 83 39 done

270 759 33 27 at
321 756 92 38 Fisk,
433 756 66 37 had
516 757 97 36 made
630 758 101 40 ready
756 758 48 40 for
831 759 104 39 them.
982 760 28 38 A
1030 760 108 39 praise
1161 765 100 33 meet¬

270 807 57 39 ing
354 811 33 36 at
416 807 52 39 his
495 808 125 39 church
646 819 69 27 was
740 809 163 39 followed,
933 821 41 27 on
1002 810 57 37 the
1087 816 78 32 next
1196 816 66 31 two

270 858 123 40 nights,
421 859 43 39 by
495 864 163 34 concerts.
709 861 39 38 In
778 861 85 39 spite
896 861 35 39 of
960 872 18 28 a
1010 872 114 28 severe
1157 873 103 27 snow¬

271 914 115 33 storm,
405 910 110 37 which
544 910 176 37 interfered
748 912 129 39 greatly
905 912 81 39 with
1016 916 101 35 street
1145 913 115 38 travel,

269 960 57 30 the
359 964 57 26 net
447 960 143 39 receipts
622 971 84 28 were
741 960 165 39 sufficient
938 961 49 38 for
1011 962 56 37 the
1098 962 163 39 purchase

270 1011 35 31 of
326 1011 122 31 tickets
464 1015 34 27 to
518 1012 83 30 New
617 1012 90 30 York
725 1012 77 40 city.

315 1062 165 40 Stopping
497 1068 34 35 at
549 1062 140 40 Elmira,
708 1063 79 41 they
804 1064 77 40 held
899 1075 18 29 a
935 1065 107 39 praise
1060 1065 145 40 meeting
1221 1076 40 29 on

273 1113 138 40 Sunday
429 1114 172 39 afternoon
620 1114 32 39 in
670 1115 56 39 the
746 1114 88 39 First
861 1115 231 40 Presbyterian
1116 1116 143 39 Church,

270 1169 35 27 to
322 1165 57 30 the
398 1164 129 39 disgust
546 1165 34 39 of
594 1176 18 27 a
630 1165 61 39 few
708 1165 35 39 of
764 1165 43 39 its
825 1170 191 35 supporters
1040 1167 74 39 who
1137 1167 124 39 spelled

270 1227 101 30 negro
402 1215 81 41 with
521 1221 66 36 two
627 1218 60 39 g's,
723 1217 64 39 and
819 1218 114 39 stayed
967 1228 93 29 away
1092 1218 82 39 from
1206 1218 56 39 the

270 1268 135 37 service,
425 1268 64 37 and
507 1272 34 33 to
557 1268 57 37 the
632 1272 93 36 great
744 1268 126 39 delight
888 1268 33 39 of
941 1268 43 39 all
1001 1269 73 38 who
1093 1269 167 38 attended.

270 1320 39 29 In
327 1318 57 31 the
398 1318 141 40 evening
555 1318 81 41 they
653 1329 84 30 sang
753 1329 18 30 a
787 1319 63 40 few
867 1319 178 40 selections
1059 1323 33 36 at
1106 1320 56 39 the
1179 1320 81 39 Rev.

268 1368 42 32 T.
327 1370 39 30 K.
388 1370 180 30 Beecher's
596 1370 132 39 regular
746 1370 124 39 service
895 1370 33 39 in
945 1371 56 39 the
1020 1371 217 39 opera-house
1251 1382 7 28 ;

270 1421 64 30 and
361 1420 57 31 the
447 1425 78 27 next
552 1421 94 39 night
673 1431 83 29 gave
785 1432 19 28 a
832 1425 132 35 concert
990 1425 33 35 at
1047 1422 51 39 his
1125 1422 134 39 church,

267 1469 110 31 which
396 1480 69 20 was
483 1470 57 30 the
558 1474 147 36 greatest
724 1481 144 29 success,
888 1480 35 30 so
942 1470 59 39 far,
1021 1470 33 39 of
1074 1470 88 40 their
1185 1470 75 39 trip.

267 1520 73 31 The
369 1521 134 40 leading
526 1521 110 40 hotels
662 1521 34 40 of
716 1521 56 39 the
795 1521 67 40 city
887 1521 76 40 had,
991 1521 24 40 it
1043 1521 27 40 is
1098 1525 83 36 true,
1200 1531 61 30 one

269 1572 83 31 after
369 1572 141 31 another
533 1572 132 31 refused
688 1572 56 31 the
771 1575 96 36 party
890 1571 258 40 entertainment
1165 1571 95 40 when

267 1623 80 41 they
364 1623 131 41 arrived
515 1633 42 30 on
574 1623 57 41 the
650 1622 166 42 midnight
834 1621 98 42 train.
981 1622 67 42 But
1070 1621 56 42 the
1144 1631 117 33 papers

267 1685 87 20 were
372 1674 110 31 lavish
507 1674 33 31 in
566 1674 109 39 praise
701 1673 34 40 of
754 1672 88 41 their
867 1672 143 41 services
1027 1672 34 41 of
1084 1683 92 30 song,
1197 1672 63 41 and

270 1727 64 29 Mr.
366 1725 150 31 Beecher
547 1729 103 27 wrote
684 1735 19 21 a
734 1725 97 31 letter
861 1728 34 28 to
928 1724 51 32 his
1019 1723 242 39 distinguished

269 1776 174 41 Brooklyn
472 1776 145 41 brother,
648 1776 117 41 Henry
797 1775 105 42 Ward
936 1774 158 42 Beecher,
1125 1774 137 42 warmly

270 1827 237 39 commending
522 1827 93 39 them
633 1831 33 36 to
685 1827 52 40 his
754 1826 176 41 attention.

312 1878 73 30 The
410 1878 96 39 night
531 1878 66 39 had
620 1878 82 40 been
729 1878 76 40 long
829 1876 64 42 and
918 1876 90 42 dark,
1028 1876 57 42 but
1111 1875 24 43 it
1159 1874 102 44 really

269 1929 132 32 seemed
427 1940 36 21 as
488 1929 26 33 if
534 1929 95 33 these
654 1928 125 33 flashes
803 1927 33 34 of
859 1926 83 39 light
961 1926 32 39 in
1011 1925 87 41 their
1116 1925 142 41 Eastern

270 1981 59 41 sky
354 1984 113 38 meant
492 1980 75 42 that
591 1979 56 43 the
674 1977 127 45 sunrise
824 1986 69 36 was
916 1979 32 43 at
972 1974 99 48 hand.
1118 1974 42 48 At
1179 1974 81 48 New
