1725 2400
559 303 231 34 BENJAMIN
804 305 42 32 M.
866 305 180 32 HOLMES.

1254 309 27 18 ii
1288 309 13 26 7

353 384 91 30 Near
466 384 57 30 the
549 384 62 30 end
636 385 34 30 of
692 386 66 30 this
782 397 88 30 year,
894 387 234 39 Chattanooga
1149 387 57 40 fell
1230 387 69 39 into

309 435 57 32 the
396 435 107 32 hands
528 436 34 31 of
582 437 57 30 the
668 437 111 31 Union
807 443 123 36 troops,
958 440 64 39 and
1053 439 141 39 Holmes
1221 439 79 39 took

312 487 186 40 advantage
521 487 34 40 of
576 488 57 39 the
658 492 102 36 terms
787 489 34 38 of
842 490 56 37 the
924 490 240 40 proclamation
1191 489 109 41 which

310 539 42 32 he
369 539 65 32 had
451 539 76 32 read
544 539 56 32 the
616 550 79 30 year
710 540 108 39 before
831 540 31 39 in
876 542 56 38 the
951 542 227 38 Charlestown
1197 542 102 38 slave-

312 600 75 29 pen.
435 590 53 39 He
512 590 92 39 hired
629 594 57 35 out
708 601 36 28 as
767 602 19 27 a
809 597 133 32 servant
963 597 33 32 to
1022 593 144 36 General
1188 593 112 42 Jeffer¬

312 651 60 20 son
394 641 36 31 C.
451 640 115 39 Davis,
585 641 34 39 of
638 642 58 38 the
722 642 112 37 Union
859 654 102 30 army,
981 648 33 36 at
1039 643 66 41 $10
1130 654 19 30 a
1173 643 127 41 month,

312 693 59 30 but
399 693 33 30 in
459 692 57 31 the
548 693 114 40 spring
688 695 156 38 returned
874 699 35 34 to
939 695 57 38 the
1028 696 132 41 employ
1187 695 34 42 of
1249 695 52 42 his

313 744 53 30 old
396 754 119 27 owner,
541 744 73 37 who
648 744 120 36 offered
791 744 70 36 him
890 744 66 41 $30
981 757 18 28 a
1023 746 126 39 month.
1197 745 103 40 After¬

312 796 90 30 ward
435 795 41 32 he
500 795 133 32 worked
665 796 49 31 for
744 807 18 20 a
795 807 79 30 year
906 807 36 30 or
972 801 65 36 two
1068 807 36 30 as
1132 807 18 30 a
1175 797 128 40 cashier

314 847 32 30 in
372 858 18 21 a
414 847 90 40 large
535 848 254 40 barber's-shop,
813 848 65 40 and
911 858 41 30 on
985 849 56 39 the
1065 848 99 40 death
1189 849 35 39 of
1251 849 52 39 his

315 899 168 40 employer
506 899 42 40 he
570 909 70 30 was
664 900 96 39 made
789 900 249 39 administrator
1061 900 35 39 of
1122 900 51 39 his
1197 903 105 36 estate

315 951 99 30 —the
446 951 72 30 first
549 951 152 30 coloured
732 962 78 20 man
842 962 75 21 ever
948 951 177 40 appointed
1155 955 33 36 to
1221 951 80 40 such

317 1002 109 31 duties
459 1001 32 32 in
523 1001 56 32 the
612 1002 94 30 State
738 1002 34 30 of
802 1002 200 31 Tennessee.
1059 1003 54 30 He
1145 1002 64 32 had
1233 1013 69 30 pre¬

316 1051 130 40 viously
471 1050 99 41 taken
602 1061 42 30 an
677 1051 135 40 interest
846 1051 33 40 in
909 1051 57 40 the
989 1051 162 40 business,
1176 1052 58 39 but
1262 1062 41 29 on

318 1102 138 39 settling
477 1113 43 29 up
541 1102 57 39 the
622 1106 105 36 estate
749 1102 25 39 it
791 1113 67 29 was
880 1102 101 39 found
1002 1107 34 34 to
1059 1103 40 39 be
1123 1103 179 39 insolvent;

319 1153 64 31 and
401 1154 83 30 after
500 1153 24 31 it
541 1153 65 31 had
628 1157 96 27 eaten
746 1164 42 29 up
808 1152 86 41 $300
918 1153 33 40 of
972 1153 51 40 his
1048 1154 96 39 small
1170 1153 133 40 savings

318 1204 42 32 he
376 1215 83 30 gave
475 1215 45 30 up
537 1204 55 40 the
610 1204 162 40 business.

363 1257 54 30 He
444 1255 65 33 had
537 1255 81 33 been
644 1255 138 33 anxious
810 1256 48 32 for
884 1266 19 21 a
928 1256 78 41 long
1027 1256 96 41 while
1149 1260 34 37 to
1206 1260 55 36 get
1286 1267 19 30 a

319 1307 108 31 better
443 1307 186 38 education,
645 1307 63 38 and
726 1307 33 38 in
779 1308 81 37 1868
877 1307 105 40 began
1000 1308 156 40 studying
1173 1311 33 36 at
1225 1308 81 40 Fisk

322 1358 203 41 University.
572 1358 72 41 The
661 1362 77 36 next
755 1369 78 30 year
847 1359 41 40 he
905 1369 68 30 was
991 1359 147 39 engaged
1155 1362 34 36 to
1206 1359 98 40 teach

321 1420 61 21 one
411 1410 36 31 of
477 1410 57 31 the
566 1410 94 31 State
693 1409 132 32 schools
849 1409 50 32 for
923 1410 57 31 the
1007 1410 153 30 coloured
1188 1410 116 39 people

319 1461 33 31 in
390 1461 172 31 Davidson
594 1461 143 40 County,
779 1461 65 41 and
884 1471 69 30 was
992 1461 165 41 promised
1190 1461 65 41 $30
1287 1471 19 30 a

320 1512 129 30 month.
491 1512 65 30 His
574 1512 113 31 school
706 1512 160 40 averaged
883 1523 42 29 an
942 1512 198 39 attendance
1158 1512 33 40 of
1205 1512 99 41 sixty-

320 1563 91 39 eight
440 1563 159 39 scholars,
618 1563 59 40 but
705 1563 96 40 those
828 1573 85 30 were
942 1563 80 40 days
1050 1563 34 40 of
1112 1566 136 36 poverty
1272 1563 33 39 in

321 1615 127 41 private
477 1614 65 42 and
567 1614 300 42 mismanagement
896 1613 33 43 in
957 1613 111 43 public
1094 1613 120 43 affairs,
1242 1614 63 42 and

322 1665 173 33 Davidson
513 1665 133 39 County
673 1665 68 40 still
769 1675 87 30 owes
873 1664 68 41 him
960 1663 85 42 $150
1063 1664 34 41 of
1116 1663 52 42 his
1183 1674 121 30 wages.

315 1720 74 31 The
420 1721 143 36 attempt
594 1721 34 36 to
660 1716 138 41 educate
825 1716 57 41 the
912 1716 153 42 coloured
1091 1716 116 41 people
1235 1722 67 36 met

315 1771 81 31 with
420 1770 101 33 bitter
543 1768 199 41 opposition,
768 1768 64 41 and
849 1767 33 42 in
904 1767 141 42 another
1061 1768 113 41 school
1191 1779 18 30 a
1227 1768 75 41 shot

315 1821 151 33 whizzed
484 1824 75 36 past
576 1820 69 41 him
669 1830 61 31 one
753 1819 63 42 day
837 1818 97 43 while
960 1818 41 42 he
1027 1829 69 32 was
1123 1818 138 42 hearing
1284 1830 19 31 a

318 1874 87 31 class
423 1872 111 37 recite,
552 1871 80 38 fired
656 1871 42 41 by
715 1881 90 31 some
822 1880 61 32 one
901 1869 141 43 outside,
1060 1869 58 42 but
1136 1869 42 43 by
1193 1869 108 43 whom

321 1925 24 30 it
362 1934 69 22 was
447 1933 100 23 never
565 1923 129 33 known.

361 1974 93 31 After
470 1973 158 39 studying
644 1972 97 40 again
765 1972 49 40 for
837 1983 19 30 a
879 1971 97 42 while
999 1974 33 39 at
1056 1970 89 42 Fisk,
1163 1969 41 43 he
1225 1970 78 42 took
