1740 2410
439 303 15 12 u
464 304 84 25 BEE
552 305 143 29 CHER'S
714 309 139 27 NEGRO
873 312 409 38 MINSTRELS31

288 389 58 31 the
367 390 138 41 Singers
523 403 18 28 a
560 393 117 42 hearty
693 396 168 39 welcome,
882 399 63 36 and
963 399 78 40 they
1060 402 129 37 seemed
1204 403 76 36 bent

287 451 42 21 on
359 443 182 41 gratifying
571 445 69 39 him
666 450 33 33 to
728 448 55 36 the
810 454 136 30 utmost.
993 450 72 33 The
1095 453 81 31 New
1194 455 88 30 York

288 492 125 32 Herald
429 494 129 33 headed
575 498 56 30 the
650 499 134 30 column
810 501 193 41 containing
1026 502 43 40 its
1093 508 109 36 report
1226 506 56 38 the

290 549 79 27 next
386 546 167 40 morning,
574 549 20 38 "
607 549 177 37 Beecher's
810 553 111 39 Negro
948 554 204 38 Minstrels."
1199 555 82 36 This

290 595 121 41 helped
437 602 34 34 to
496 599 165 37 advertise
686 602 87 34 their
795 604 102 37 work,
916 605 96 36 while
1038 606 24 36 it
1088 606 54 35 did
1167 611 57 30 not
1248 612 33 29 at

288 647 45 30 all
353 648 168 40 prejudice
543 649 23 39 it
585 651 32 37 in
641 651 56 36 the
721 653 109 35 minds
852 654 33 33 of
906 655 55 33 the
980 656 168 32 Christian
1167 659 114 39 people

288 697 114 33 whose
422 700 134 39 opinion
575 709 68 30 was
660 705 105 35 worth
786 710 87 30 most
892 710 34 30 to
944 706 36 33 it.

331 750 72 31 The
430 752 193 39 experience
656 753 34 38 of
723 755 56 36 the
811 761 76 30 next
919 756 61 35 few
1011 759 108 33 weeks
1150 770 68 21 was
1247 771 34 21 as

288 801 183 42 uniformly
483 804 226 40 encouraging
726 816 36 28 as
779 807 74 38 that
866 807 33 37 of
913 809 57 36 the
987 809 63 36 last
1065 814 66 30 two
1149 812 133 33 months

287 852 69 31 had
388 853 82 31 been
504 854 206 42 depressing.
771 858 28 39 A
830 858 62 39 few
924 870 100 30 songs
1056 861 31 39 in
1122 871 18 29 a
1168 872 115 30 prayer

290 904 149 39 meeting
461 915 36 28 or
522 906 281 41 Sunday-school,
822 909 80 38 with
924 921 18 25 a
965 910 84 36 brief
1070 912 210 39 explanation

288 955 36 30 of
337 956 88 30 their
448 956 150 39 mission,
618 960 168 39 generally
804 961 136 38 secured
965 966 34 33 at
1023 973 80 26 once
1128 963 57 36 the
1206 964 76 35 offer

288 1006 36 31 of
337 1008 58 30 the
413 1007 124 31 church
555 1008 48 32 for
621 1020 18 20 a
656 1014 145 34 concert,
820 1012 65 36 and
903 1023 18 25 a
939 1013 116 41 hearty
1071 1016 209 38 commenda

290 1058 70 31 tion
378 1058 36 31 of
433 1059 87 30 their
535 1060 91 31 work
642 1060 84 32 from
751 1062 56 31 the
832 1063 106 39 pulpit
962 1065 74 38 that
1060 1066 107 40 rarely
1182 1066 98 40 failed

290 1113 34 26 to
342 1110 96 38 bring
456 1115 55 33 out
531 1122 41 27 an
592 1112 171 36 audience.

336 1161 101 30 From
471 1162 60 30 Dr.
564 1162 191 41 Talmage's
795 1166 64 37 and
893 1167 58 36 Dr.
986 1167 148 40 Cuyler's
1166 1179 115 30 prayer

291 1212 165 39 meetings
474 1212 81 40 they
569 1218 89 34 went
677 1224 93 30 away
788 1216 107 38 richer
918 1217 42 39 by
976 1227 160 30 generous
1162 1219 117 38 contri

290 1260 135 31 butions
444 1272 41 20 on
502 1263 57 29 the
580 1266 84 36 spot.
714 1264 58 38 Dr.
789 1264 111 38 Storrs
916 1275 81 30 gave
1016 1277 42 30 up
1076 1266 51 40 his
1146 1268 135 41 Sunday

291 1312 143 39 evening
452 1312 124 39 service
594 1314 49 38 for
659 1314 87 38 their
764 1316 108 39 praise
896 1317 155 40 meeting.
1101 1319 57 38 Dr.
1179 1319 100 38 Scud-

291 1362 57 31 der
365 1363 124 30 invited
508 1364 92 30 them
618 1364 69 32 into
705 1365 51 31 his
779 1366 134 31 church.
961 1368 27 30 A
1005 1372 132 27 concert
1162 1369 32 30 in
1221 1370 57 30 Dr.

291 1414 348 39 Burchard'schurch,
648 1416 57 38 the
716 1416 198 37 Thirteenth
927 1419 108 35 Street
1049 1419 230 40 Presbyterian

290 1464 36 31 of
340 1466 84 30 New
442 1465 99 38 York,
560 1477 69 26 was
648 1467 163 41 thronged
836 1469 42 40 by
896 1479 18 30 a
931 1470 166 39 delighted
1122 1471 156 38 audience

289 1515 36 31 of
352 1517 58 30 the
443 1517 134 39 highest
606 1518 129 38 culture
767 1519 64 37 and
864 1519 101 37 social
1003 1520 153 39 position.
1220 1521 57 38 Dr.

291 1567 195 39 Budington
511 1569 182 38 interested
717 1569 137 38 himself
873 1569 33 37 in
930 1570 189 39 promoting
1134 1570 56 39 the
1208 1581 71 28 suc

288 1629 74 20 cess
377 1618 34 30 of
425 1629 18 20 a
461 1623 134 26 concert
612 1619 33 30 in
663 1620 52 30 his
740 1620 123 30 church
888 1620 33 30 in
940 1620 177 40 Brooklyn.
1164 1621 42 39 At
1223 1621 56 39 the

289 1668 208 32 Tabernacle
516 1669 146 37 Church,
675 1670 117 41 Jersey
806 1670 87 41 City,
909 1671 34 40 of
955 1671 108 40 which
1083 1672 81 39 Rev.
1184 1672 40 39 G.
1239 1672 38 39 B.

290 1720 157 36 Willcox,
468 1731 18 26 a
512 1720 147 36 member
683 1721 33 36 of
737 1722 54 35 the
818 1722 180 35 Executive
1026 1722 198 35 Committee
1249 1722 33 34 of

291 1771 57 31 the
381 1771 177 31 American
585 1771 201 40 Missionary
810 1773 220 39 Association,
1055 1783 69 28 was
1155 1777 122 36 pastor,

291 1823 79 40 they
396 1833 84 30 were
501 1823 132 40 greeted
657 1823 42 40 by
715 1822 56 41 the
795 1823 123 40 largest
942 1823 159 40 audience
1125 1823 73 40 that
1215 1824 64 39 had

289 1884 77 21 ever
392 1878 56 36 yet
476 1874 158 40 attended
663 1884 61 30 one
750 1873 34 41 of
807 1874 87 40 their
925 1874 77 40 paid
1029 1873 249 41 concertsthe

291 1926 144 39 receipts
453 1925 197 39 amounting
666 1929 34 36 to
718 1924 114 40 nearly
849 1922 99 42 $740.

336 1977 222 39 Preliminary
574 1980 33 35 to
634 1986 18 30 a
676 1975 103 40 flying
803 1975 64 40 trip
891 1980 33 36 to
952 1975 125 40 Boston
1103 1978 33 37 to
1162 1974 72 42 give
1260 1984 18 31 a
