1725 2400
474 368 45 18 iio

716 360 83 24 THE
818 354 179 36 JUBILEE
1015 349 183 42 SINGERS.

474 455 95 30 years
597 444 83 41 after
705 442 42 42 he
777 449 93 36 came
898 435 109 49 north.
1056 434 102 51 Once,
1183 439 82 45 soon
1293 427 84 57 after
1403 425 57 60 the

477 497 87 29 close
582 495 34 31 of
635 493 56 33 the
707 501 77 26 war,
801 489 41 38 he
861 486 124 42 started
1003 488 33 39 to
1054 494 40 33 go
1111 486 34 41 to
1164 480 106 48 South
1291 476 168 51 Carolina)

478 546 63 30 and
561 545 75 31 look
656 543 91 33 them
772 550 54 28 up.
875 538 68 40 But
959 546 42 33 on
1018 535 57 43 the
1092 543 72 35 way
1181 531 39 47 he
1239 528 132 51 learned
1389 526 73 52 that

479 597 90 29 there
585 603 69 22 was
671 591 79 34 then
778 600 36 26 so
838 587 99 39 much
965 584 146 42 disorder
1134 582 64 44 and
1222 579 149 46 violence
1395 588 69 38 pre¬

480 645 110 30 valent
606 643 33 33 in
655 642 72 34 that
746 642 72 36 part
836 638 33 41 of
891 638 55 41 the
966 638 139 41 country
1129 633 74 46 that
1226 631 25 48 it
1275 629 108 50 would
1408 632 57 47 not

481 697 38 29 be
545 693 140 40 prudent
711 691 49 42 for
785 689 69 45 him
882 691 35 42 to
945 685 76 48 visit
1048 684 51 49 his
1128 683 53 51 old
1206 683 108 51 home,
1335 680 64 54 and
1425 679 41 54 he

482 744 117 33 turned
615 743 94 34 back.

527 797 39 30 In
592 794 92 36 1868,
702 792 94 38 other
819 791 114 39 letters
959 787 123 43 having
1107 784 132 46 elicited
1262 795 42 36 no
1329 792 137 38 answer,

484 849 40 30 he
549 844 175 34 addressed
747 854 61 24 one
833 846 33 32 to
891 852 18 27 a
934 840 123 39 church
1080 838 104 40 there,
1204 836 117 42 telling
1337 834 73 44 who
1428 833 40 45 he

485 910 67 19 was
570 898 63 31 and
649 896 89 33 what
756 894 50 35 his
824 892 127 39 history
967 891 65 41 had
1049 889 93 42 been,
1156 888 64 44 and
1239 885 117 46 asking
1373 884 96 48 infor¬

487 949 124 30 mation
630 948 99 32 about
746 945 51 34 his
815 947 145 36 parents.
993 940 49 43 To
1060 940 51 43 his
1130 938 135 45 delight,
1281 948 40 36 an
1341 945 129 39 answer

489 1009 91 21 came
604 998 84 33 back
710 996 82 34 from
818 994 51 36 his
893 993 117 38 father,
1029 990 116 40 saying
1174 990 73 41 that
1276 987 56 43 the
1357 985 115 45 family

489 1061 83 19 were
591 1049 42 31 all
652 1047 83 33 alive
753 1046 63 34 and
834 1044 67 36 still
919 1041 161 40 together.

534 1102 54 28 He
615 1099 66 31 had
709 1096 175 41 purposed,
903 1095 33 42 in
963 1104 75 33 case
1070 1092 41 45 he
1137 1090 120 47 should
1286 1089 81 48 hear
1391 1089 82 48 from

492 1152 102 36 them,
612 1155 34 33 to
663 1149 96 39 make
782 1147 93 41 them
899 1157 19 31 a
940 1143 77 45 visit
1041 1143 33 45 in
1098 1143 57 45 the
1179 1152 115 36 course
1318 1140 35 48 of
1373 1151 19 37 a
1414 1140 61 48 few

493 1203 108 30 weeks
632 1212 36 22 or
699 1199 145 35 months.
903 1197 67 36 But
1002 1194 56 39 the
1089 1194 71 39 first
1188 1192 95 42 night
1316 1191 83 42 after
1424 1191 51 43 his

495 1255 134 30 father's
647 1253 96 33 letter
760 1260 103 26 came,
886 1247 40 39 he
949 1257 68 28 was
1036 1256 35 30 so
1089 1245 126 41 excited
1232 1244 73 42 that
1323 1244 39 42 he
1380 1242 95 44 could

496 1311 55 26 not
582 1308 54 36 get
669 1314 18 30 a
719 1300 176 45 moment's
927 1299 99 46 sleep,
1053 1297 63 48 and
1147 1296 56 49 the
1236 1298 77 47 next
1344 1294 63 51 day
1437 1293 39 51 he

497 1356 134 32 started.
680 1355 53 33 He
758 1356 95 36 spent
876 1354 65 37 two
966 1348 133 43 months
1123 1347 79 45 with
1224 1346 104 45 them,
1347 1345 57 46 but
1421 1344 56 48 the

498 1405 238 44 opportunities
753 1404 48 45 for
816 1402 69 47 him
902 1405 34 44 to
955 1403 54 46 get
1033 1410 41 39 on
1098 1408 84 41 were
1200 1408 35 41 so
1254 1396 98 53 much
1370 1396 106 53 better

499 1464 32 26 at
549 1459 57 31 the
620 1457 108 33 North
744 1455 73 36 that
835 1454 41 36 he
893 1452 80 38 then
991 1449 155 41 returned
1163 1452 33 38 to
1216 1447 204 43 Pittsburgh.

542 1512 54 29 He
615 1507 114 41 joined
752 1505 57 43 the
831 1503 129 45 Jubilee
985 1501 145 47 Singers,
1154 1499 83 49 after
1258 1498 87 50 their
1368 1500 111 48 return

500 1563 81 30 from
599 1557 156 42 England
778 1557 33 42 in
837 1556 93 43 1874,
947 1557 33 42 to
1006 1552 46 47 fill
1082 1562 18 37 a
1125 1560 147 39 vacancy
1295 1548 120 51 caused
1438 1548 43 51 by

501 1614 54 30 the
582 1608 216 36 unavoidable
827 1604 204 40 withdrawal
1060 1603 33 41 of
1119 1612 60 32 one
1205 1601 33 43 of
1263 1601 56 43 the
1347 1599 133 45 student

502 1664 172 31 members.

546 1767 141 28 Hinton
708 1764 42 31 D.
768 1761 220 33 Alexander
1011 1767 68 27 was
1095 1757 81 38 born
1194 1755 33 39 in
1247 1755 101 39 Stone
1368 1755 115 40 Moun¬

504 1817 78 36 tain,
597 1813 153 39 Georgia,
764 1812 33 41 in
817 1811 90 42 1853.
944 1809 64 43 His
1024 1808 109 45 father
1145 1818 69 35 was
1228 1806 71 46 sold
1315 1805 107 48 before
1433 1805 52 48 his

504 1864 219 35 recollection,
742 1862 63 37 and
824 1861 41 38 he
882 1860 61 39 has
960 1868 100 31 never
1077 1857 100 42 heard
1194 1857 83 42 from
1295 1857 68 42 him
1383 1856 101 43 since.

504 1921 51 26 An
580 1917 90 30 older
696 1914 97 33 sister
817 1921 68 26 was
909 1910 69 37 also
1001 1908 82 39 sold,
1102 1908 63 39 and
1188 1918 42 29 no
1255 1908 126 39 tidings
1403 1907 84 40 have

506 1977 73 21 ever
595 1967 81 31 been
695 1964 63 34 had
775 1963 81 35 from
875 1961 67 37 her.

548 2016 44 28 As
609 2014 76 39 long
704 2022 60 31 ago
787 2020 35 33 as
845 2010 39 43 he
906 2019 60 34 can
990 2006 191 47 remember,
1203 2007 51 46 his
1272 2007 131 46 mother
1419 2017 68 36 was
