1725 2400
459 387 34 30 36

714 381 85 25 THE
818 378 181 36 JUBILEE
1016 375 183 39 SINGERS.

462 471 95 31 could
589 471 88 31 draw
708 478 41 24 an
785 465 156 37 audience
974 473 94 30 away
1092 462 84 41 from
1208 462 57 42 the
1296 462 147 41 greatest

461 522 156 40 preacher
633 519 63 42 and
714 519 141 43 lecturer
870 516 32 46 in
919 514 56 48 the
992 513 88 49 land.

503 571 72 30 The
592 568 180 33 admission
797 566 141 39 receipts
963 570 33 36 at
1020 563 67 42 this
1110 565 132 40 concert
1259 571 84 34 were
1368 570 78 36 over

460 621 129 38 $1,200.
645 619 72 39 The
749 616 174 42 collection
954 615 100 44 taken
1084 613 49 45 for
1158 613 91 45 them
1281 612 57 47 the
1368 614 77 45 next

464 672 135 39 Sunday
636 669 151 42 evening,
825 667 32 43 in
900 666 56 44 the
996 665 129 45 Second
1164 662 279 48 Congregational

465 722 132 32 Church
623 720 32 33 in
683 719 165 37 Norwich,
878 728 69 28 was
978 717 57 39 the
1065 717 123 39 largest
1220 714 223 42 contribution

464 776 78 38 they
560 772 63 42 had
641 782 75 32 ever
733 770 147 44 received
898 773 33 41 at
957 779 19 35 a
999 768 137 46 Sunday
1152 766 135 48 service,
1307 765 64 48 and
1388 765 57 49 the

465 835 92 30 gross
573 824 128 41 income
720 822 33 43 of
773 822 57 43 the
846 821 65 44 last
936 830 98 35 seven
1059 818 81 47 days
1158 817 33 48 of
1211 816 68 48 this
1296 817 147 48 Connec¬

463 876 82 30 ticut
563 873 173 40 campaign
755 871 159 42 exceeded
930 869 130 45 $3,900.

507 927 42 30 At
576 925 57 31 the
661 923 146 39 Sterling
830 923 126 39 House,
974 921 33 41 in
1032 920 207 42 Bridgeport,
1266 918 57 44 the
1350 921 98 41 party

465 987 84 20 were
567 974 153 40 assigned
734 978 33 36 to
785 983 88 31 some
886 972 34 42 of
934 972 55 42 the
1006 972 72 42 best
1096 981 110 33 rooms
1221 970 32 44 in
1270 969 74 45 that
1362 969 84 45 first-

465 1028 87 30 class
575 1026 101 37 hotel,
699 1024 64 39 and
787 1023 161 40 admitted
969 1026 35 36 to
1027 1021 57 42 the
1105 1031 92 32 same
1217 1020 174 43 privileges
1415 1018 33 45 in

465 1079 55 30 the
555 1076 219 39 dining-room
804 1084 36 31 as
870 1074 56 42 the
958 1075 87 40 most
1078 1070 207 45 aristocratic
1320 1074 126 42 guests.

466 1128 72 30 The
567 1137 128 22 answer
720 1125 34 33 of
781 1125 56 33 the
868 1123 194 41 proprietor,
1088 1122 96 42 when
1216 1121 103 43 asked
1351 1121 27 43 if
1398 1121 52 43 his

468 1179 154 30 boarders
639 1175 206 41 complained
870 1175 34 41 of
925 1174 81 42 such
1031 1172 183 44 attentions
1237 1176 34 39 to
1296 1172 153 44 coloured

468 1230 126 39 people,
616 1239 69 30 was
710 1227 95 42 pithy
831 1226 65 43 and
922 1228 34 41 to
981 1224 57 45 the
1066 1224 103 45 point,
1199 1224 51 45 "I
1273 1223 82 46 keep
1384 1222 67 47 this

468 1280 99 37 hotel,
587 1278 63 39 sir!
667 1278 18 39 "

510 1331 42 30 At
570 1328 154 33 Norwich
748 1328 78 39 they
842 1338 82 30 were
942 1326 56 41 the
1016 1329 112 39 guests
1146 1325 34 42 of
1201 1323 249 44 Connecticut's

470 1380 240 41 distinguished
738 1380 82 41 War
846 1379 169 42 Governor
1038 1377 63 44 and
1128 1377 150 44 Senator,
1304 1375 57 45 the
1386 1375 66 45 late

472 1434 88 28 Hon.
583 1431 150 32 William
756 1431 39 31 A.
816 1428 243 40 Buckingham.
1107 1428 66 40 But
1198 1427 56 42 the
1278 1437 79 31 very
1374 1431 76 38 next

472 1485 63 38 day
550 1482 78 41 they
644 1491 84 32 were
746 1480 115 43 turned
876 1484 56 39 out
946 1479 34 44 of
994 1490 41 33 an
1050 1479 88 45 hotel
1153 1477 32 46 in
1200 1478 153 45 Newark,
1371 1477 83 46 New

470 1536 125 38 Jersey,
614 1533 41 41 by
672 1543 18 31 a
707 1531 154 43 publican
881 1530 74 45 who
976 1529 108 45 would
1109 1529 83 45 have
1209 1529 56 45 felt
1284 1528 169 46 honoured

472 1587 41 38 by
537 1594 79 30 even
642 1593 18 31 a
684 1583 72 42 bow
772 1582 81 42 from
879 1582 169 42 Governor
1074 1579 231 45 Buckingham
1331 1589 41 36 on
1397 1578 56 46 the

472 1639 111 27 street.
644 1633 82 33 This
748 1632 249 39 tavern-keeper
1020 1631 65 40 had
1109 1629 150 42 inferred,
1284 1629 24 42 it
1335 1639 119 32 seems,

472 1686 95 30 when
588 1683 304 33 accommodations
909 1693 84 24 were
1012 1682 147 40 engaged
1176 1681 49 41 for
1240 1680 93 42 them
1350 1680 35 42 in
1402 1681 54 41 ad¬

472 1747 114 25 vance,
604 1735 73 37 that
701 1735 78 40 they
800 1744 84 31 were
909 1745 19 30 a
951 1743 163 32 company
1142 1732 34 43 of
1198 1731 149 44 "nigger
1374 1731 82 44 min¬

474 1788 126 30 strels."
645 1786 168 39 Although
839 1785 79 40 they
942 1785 65 40 had
1034 1784 133 41 already
1194 1783 119 42 retired
1342 1788 34 37 to
1400 1784 57 41 the

474 1849 108 19 rooms
606 1836 154 40 assigned
784 1840 34 36 to
843 1836 91 41 them
963 1835 108 42 before
1097 1835 40 42 he
1164 1835 186 42 discovered
1385 1835 72 42 that

476 1888 86 31 their
585 1888 88 31 faces
699 1897 84 22 were
807 1885 153 34 coloured
984 1886 42 39 by
1047 1884 87 40 their
1155 1885 147 39 Creator,
1321 1885 64 39 and
1403 1890 57 35 not

477 1940 79 30 with
579 1939 97 31 burnt
706 1937 87 37 cork,
819 1936 39 38 he
883 1936 165 39 promptly
1074 1935 98 40 drove
1194 1935 92 40 them
1311 1936 69 39 into
1404 1937 57 39 the

477 1994 111 27 street.

519 2041 72 31 The
610 2045 134 35 outrage
761 2049 69 30 was
847 2039 55 41 the
927 2038 117 42 harder
1060 2043 33 37 to
1117 2039 77 41 bear
1218 2039 141 41 because
1383 2039 79 41 they
