1731 2404
434 328 34 26 44

702 325 84 26 THE
804 325 180 33 JUBILEE
1003 326 182 33 SINGERS.

434 408 140 42 Twenty
588 410 165 39 thousand
770 411 114 39 people
902 420 84 29 were
1004 421 41 28 on
1062 410 85 39 their
1164 410 76 39 feet.
1293 411 123 39 Ladies

432 461 112 30 waved
564 460 84 30 their
665 460 261 30 handkerchiefs.
968 461 77 31 Men
1062 461 104 31 threw
1182 459 87 33 their
1286 461 78 31 hats
1382 460 32 32 in

432 510 57 30 the
520 510 57 37 air,
608 511 63 36 and
702 511 56 36 the
790 511 167 36 Coliseum
990 521 82 29 rang
1095 510 81 39 with
1208 510 114 39 cheers
1352 510 65 39 and

433 561 115 30 shouts
572 561 34 30 of
627 561 102 30 "The
753 561 167 40 Jubilees!
948 561 72 41 The
1044 561 156 42 Jubilees,
1216 561 49 42 for
1289 561 125 42 ever!"

434 610 62 30 Mr.
516 611 159 30 Gillmore
697 611 141 39 brought
860 612 57 39 the
945 612 135 40 Singers
1104 612 83 40 from
1212 612 87 40 their
1323 612 92 39 place

431 660 114 39 below,
577 661 63 37 and
672 663 130 36 massed
833 662 91 36 them
951 673 87 29 upon
1065 663 52 39 his
1145 673 72 29 own
1246 663 167 39 platform,

430 711 108 31 where
555 712 80 40 they
651 723 83 30 sang
749 713 57 39 the
822 713 186 41 remaining
1024 725 122 29 verses.

475 763 61 30 Mr.
555 763 114 31 White
693 764 60 30 has
779 774 98 21 never
898 764 89 40 quite
1011 765 147 40 forgiven
1180 765 137 39 himself
1338 766 74 39 that

430 813 40 31 he
502 814 51 30 did
587 818 57 27 not
675 825 127 21 answer
838 815 57 30 the
933 816 204 31 thunderous
1178 827 117 21 encore
1334 817 73 30 that

429 864 159 39 followed,
607 865 80 38 with
716 867 119 42 "John
863 867 149 42 Brown"
1038 867 33 42 in
1097 868 56 41 the
1178 868 138 41 original
1340 879 70 30 ver¬

429 915 70 32 sion
516 916 5 30 !
593 916 175 41 Musically
806 918 168 39 speaking,
1009 918 23 39 it
1067 929 69 28 was
1173 919 55 38 the
1265 924 145 36 greatest

429 967 145 40 triumph
606 968 34 39 of
666 968 86 39 their
783 979 120 28 career,
928 969 63 39 and
1023 969 79 40 they
1133 981 99 29 never
1255 971 99 39 recall
1386 972 24 38 it

427 1023 66 34 yet,
511 1019 140 38 without
679 1029 18 28 a
724 1020 168 39 gleaming
918 1030 57 29 eye
1005 1021 63 38 and
1098 1020 182 39 quickened
1304 1022 105 39 pulse.

431 1070 30 30 It
477 1080 68 20 was
561 1069 105 31 worth
692 1080 88 21 more
802 1071 81 30 than
906 1082 19 20 a
950 1071 255 40 Congressional
1219 1077 191 35 enactment

429 1120 31 30 in
477 1120 153 40 bringing
645 1121 73 39 that
736 1121 157 39 audience
910 1125 33 36 to
961 1122 56 39 the
1041 1126 72 34 true
1135 1124 128 39 ground
1285 1134 42 28 on
1352 1124 57 39 the

429 1171 150 39 question
596 1171 33 39 of
652 1173 18 38 "
686 1171 74 39 civil
779 1172 139 40 rights."

469 1222 72 31 The
558 1222 137 31 number
711 1223 34 30 of
769 1223 56 30 the
843 1223 134 40 Singers
1001 1224 66 39 had
1084 1224 81 39 been
1185 1224 170 39 increased
1374 1230 34 33 to

426 1272 159 39 fourteen,
603 1273 79 38 with
699 1284 19 27 a
734 1273 81 38 view
831 1278 33 33 to
883 1274 138 37 division
1040 1275 68 36 into
1125 1280 65 31 two
1215 1277 192 40 companies

426 1323 94 32 when
552 1323 24 32 it
606 1334 69 21 was
705 1323 127 32 desired
863 1328 35 27 to
928 1324 76 32 visit
1036 1326 56 30 the
1124 1326 135 31 smaller
1296 1329 113 39 places

426 1374 107 30 where
546 1374 24 31 it
587 1374 106 30 would
711 1380 57 26 not
786 1386 63 30 pay
865 1379 34 36 to
916 1375 75 40 take
1009 1376 56 39 the
1083 1377 58 39 full
1160 1377 157 38 number;
1342 1379 65 36 and

426 1425 56 31 the
498 1429 66 27 rest
581 1425 34 31 of
636 1425 56 31 the
716 1435 147 21 summer
883 1436 69 21 was
974 1431 95 35 spent
1093 1427 32 39 in
1152 1432 66 34 rest
1243 1429 63 37 and
1330 1429 75 37 drill

426 1480 32 27 at
483 1477 117 37 Acton,
627 1476 276 38 Massachusetts.
957 1478 28 36 A
1014 1478 131 36 faithful
1176 1479 86 37 trial,
1290 1481 119 40 during

425 1527 56 31 the
508 1527 66 38 fall,
593 1527 35 38 of
648 1527 56 38 the
730 1527 202 40 experiment
954 1528 35 39 of
1008 1533 65 34 two
1095 1530 96 37 small
1216 1532 191 39 companies

425 1578 84 31 little
533 1588 90 21 more
644 1578 81 31 than
748 1578 75 40 paid
846 1589 175 30 expenses;
1047 1581 64 38 and
1132 1584 33 34 at
1188 1581 83 37 New
1290 1584 116 35 Year's

426 1629 74 41 Day
516 1629 56 41 the
588 1633 114 36 troupe
718 1640 68 30 was
803 1629 219 40 reorganised,
1041 1635 33 34 to
1093 1632 123 38 consist
1236 1632 34 37 of
1291 1634 114 36 eleven

425 1679 173 38 members,
631 1690 36 27 as
699 1680 146 37 follows:
881 1681 77 36 Ella
989 1682 183 40 Sheppard,
1206 1684 133 40 Maggie
1365 1686 39 39 L.

426 1729 123 38 Porter,
567 1730 116 42 Jennie
706 1731 155 41 Jackson,
882 1731 109 40 Mabel
1018 1733 119 39 Lewis,
1158 1734 125 38 Minnie
1308 1735 94 38 Tate,

425 1780 142 40 Georgia
598 1780 143 40 Gordon,
772 1782 90 39 Julia
888 1782 157 39 Jackson,
1073 1783 149 39 Thomas
1252 1786 150 41 Rutling,

424 1831 156 31 Edmund
597 1830 166 39 Watkins,
784 1831 174 40 Benjamin
986 1833 48 39 M.
1052 1834 150 39 Holmes,
1221 1837 64 36 and
1308 1839 94 34 Isaac

425 1883 36 30 P.
480 1882 193 31 Dickerson.

465 1934 27 30 A
508 1934 84 40 busy
608 1933 63 41 and
694 1933 180 41 successful
896 1935 175 40 campaign
1094 1936 34 39 of
1149 1937 92 38 three
1268 1940 133 35 months

422 1983 163 33 followed.
630 1983 72 33 The
720 1984 133 40 Singers
877 1985 147 39 received
1053 1997 18 27 a
1097 1987 106 39 letter,
1223 1989 110 38 drawn
1358 2002 42 30 up
