1725 2400
532 344 84 25 THE
635 344 201 26 MEANING
857 345 53 25 OF
930 345 84 24 THE
1038 345 97 25 WAR.
1313 351 15 25 3

332 434 34 27 to
384 431 79 31 read
487 431 57 31 the
568 431 92 39 signs
684 431 35 39 of
738 431 56 39 the
819 430 108 40 times,
948 432 64 39 and
1036 431 178 40 especially
1230 430 95 41 those

331 482 75 30 who
423 483 66 30 had
507 482 57 31 the
581 482 151 40 spiritual
750 482 138 40 instinct
905 486 33 36 to
956 482 158 40 interpret
1137 481 55 41 the
1211 492 111 30 mean¬

332 533 57 40 ing
405 534 36 39 of
456 534 102 39 God's
576 533 228 40 providences.

374 584 73 32 The
495 584 219 40 anti-slavery
753 584 184 40 reformers,
966 584 73 40 who
1079 584 64 40 had
1189 584 131 40 sought,

329 636 147 41 through
508 636 57 41 the
597 636 150 41 peaceful
786 635 153 42 agencies
971 636 35 41 of
1043 635 54 42 the
1129 646 102 30 press,
1263 635 54 42 the

330 687 118 39 pulpit,
473 687 65 40 and
561 687 56 39 the
643 687 167 40 platform,
830 690 33 36 to
885 697 114 30 secure
1024 687 57 40 the
1103 687 157 40 abolition
1287 687 36 40 of

329 738 141 40 slavery,
483 741 88 37 went
590 737 69 42 into
678 737 57 42 the
751 747 69 31 war
835 738 80 41 with
933 748 41 30 an
993 738 119 41 ardour
1129 738 78 41 they
1220 748 99 30 never

329 789 96 31 could
454 789 84 31 have
564 789 57 31 felt
651 789 33 31 in
713 789 57 31 the
798 789 147 39 struggle
971 789 35 40 of
1030 800 19 29 a
1074 789 243 40 slave-holding

327 839 116 31 nation
460 839 49 31 for
532 849 89 21 mere
643 840 148 40 political
815 839 177 41 existence.
1041 840 51 40 No
1115 850 111 30 young
1242 849 75 30 men

327 891 184 39 responded
536 895 33 35 to
594 891 56 39 the
676 891 63 39 call
765 891 49 39 for
837 895 112 35 troops
968 901 89 29 more
1075 891 141 39 heartily
1233 891 79 39 than

327 942 96 30 those
450 942 113 30 whose
590 942 152 40 boyhood
768 942 117 40 homes
909 942 65 40 had
999 941 82 41 been
1107 942 141 40 stations
1272 953 41 29 on

326 993 57 30 the
402 993 245 39 Underground
674 992 270 40 Railway—that
966 992 121 40 unique
1113 993 64 39 line
1202 993 111 39 whose

325 1043 96 31 stock
437 1053 69 21 was
524 1053 100 21 never
641 1043 120 31 offered
777 1043 33 31 in
834 1043 138 37 market,
992 1043 109 37 whose
1125 1043 104 37 trains
1252 1054 59 26 ran

325 1095 77 40 only
426 1094 42 41 by
485 1094 105 41 night,
610 1095 111 40 whose
746 1094 111 41 tracks
879 1104 85 31 were
989 1098 138 37 country
1144 1095 166 40 by-roads,

323 1146 112 30 whose
456 1146 141 30 coaches
614 1156 84 20 were
715 1146 89 39 plain
822 1146 82 39 farm
922 1155 168 30 waggons,
1109 1145 109 40 whose
1236 1156 75 29 pas¬

322 1206 135 30 sengers
474 1206 85 30 were
576 1196 137 40 fugitive
731 1197 118 39 slaves,
864 1196 111 40 whose
993 1196 161 40 terminus
1168 1207 66 29 was
1253 1197 54 39 the

321 1248 66 30 free
405 1247 60 30 soil
483 1247 35 30 of
533 1247 147 30 Canada.
728 1246 72 31 The
818 1247 72 30 first
908 1246 212 31 detachment
1138 1247 33 30 of
1197 1247 110 30 Union

321 1302 112 35 troops
450 1297 74 39 that
546 1297 120 39 passed
691 1297 144 39 through
860 1297 183 39 Baltimore
1068 1308 41 29 on
1132 1297 86 39 their
1235 1308 72 29 way

318 1352 35 27 to
371 1348 228 39 Washington
618 1348 97 39 made
732 1348 56 39 the
812 1351 119 36 streets
954 1347 34 40 of
1011 1347 73 40 that
1110 1348 106 39 sullen
1240 1348 66 40 city

317 1398 75 40 ring
407 1399 81 39 with
507 1410 18 28 a
548 1410 83 30 song
651 1400 32 39 in
709 1400 129 39 honour
861 1399 35 40 of
917 1399 53 40 old
991 1399 88 41 John
1099 1400 129 40 Brown,
1248 1399 57 41 the

318 1450 205 31 abolitionist
541 1450 34 31 of
598 1452 160 39 Harper's
784 1451 112 40 Ferry.
942 1450 74 41 And
1041 1449 162 42 regiment
1222 1450 84 41 after

315 1500 163 40 regiment
498 1502 34 39 of
545 1502 201 39 volunteers,
762 1501 56 39 the
836 1501 91 40 pride
945 1501 63 40 and
1026 1501 110 40 flower
1152 1501 34 40 of
1200 1501 72 40 half
1284 1512 19 30 a

315 1551 127 31 million
477 1551 169 31 Northern
670 1552 126 37 homes,
825 1551 147 38 "rallied
1003 1551 103 38 round
1138 1551 55 38 the
1226 1551 75 40 flag,

314 1602 160 41 shouting
491 1603 57 39 the
565 1603 179 39 battle-cry
762 1603 34 39 of
809 1602 179 40 freedom."

356 1653 73 30 The
454 1654 119 35 slaves,
592 1658 66 33 too,
685 1653 123 39 utterly
832 1653 154 39 ignorant
1011 1664 37 29 as
1071 1653 78 40 they
1167 1664 83 29 were
1267 1653 36 39 of

312 1716 156 20 common
490 1704 148 39 political
663 1704 106 39 issues
794 1705 65 39 and
882 1704 56 39 the
963 1704 209 40 proportions
1188 1704 34 40 of
1242 1704 57 40 the

311 1754 159 39 struggle,
498 1754 121 39 almost
645 1753 206 41 everywhere
879 1754 64 40 and
966 1758 33 36 at
1028 1764 81 30 once
1140 1754 78 40 read
1242 1754 55 40 the

309 1805 216 40 significance
543 1804 35 41 of
598 1804 56 41 the
675 1809 93 36 great
793 1805 144 40 conflict.
984 1804 141 41 Tidings
1147 1806 33 39 of
1202 1815 95 30 every

249 1857 19 49 (
308 1861 76 45 turn
413 1856 34 50 in
475 1856 57 50 the
561 1856 149 50 fortunes
735 1856 33 50 of
789 1867 68 39 war
884 1856 120 50 passed
1027 1856 82 50 from
1142 1857 95 49 cabin
1262 1860 35 46 to

307 1908 96 30 cabin
435 1907 42 40 by
509 1917 92 30 some
633 1908 201 39 mysterious
861 1907 204 40 telegraphy,
1099 1908 65 39 and
1195 1917 96 30 every

308 1958 113 31 Union
438 1958 127 40 victory
582 1968 68 30 was
667 1958 56 40 the
742 1957 106 41 signal
871 1957 48 41 for
936 1960 104 38 secret
1058 1956 237 42 thanksgiving

304 2009 154 31 services.
