1725 2400
471 393 33 27 34

715 384 84 25 THE
818 379 178 37 JUBILEE
1014 376 184 40 SINGERS.

822 851 221 34 CHAPTER
1072 851 42 34 V.

793 947 147 23 success
964 945 44 24 at
1032 944 94 26 last.

477 1029 87 30 This
581 1025 174 42 campaign
771 1035 68 31 was
858 1035 18 31 a
894 1022 189 45 succession
1107 1020 35 46 of
1162 1019 176 48 triumphs.
1385 1015 72 51 The

477 1080 143 38 Singers,
652 1077 80 40 with
765 1075 87 42 their
879 1074 209 44 experiences
1116 1071 33 46 of
1179 1071 57 46 the
1269 1071 64 47 last
1364 1069 94 48 three

477 1130 132 30 months
632 1138 35 22 so
683 1126 122 39 vividly
822 1125 33 40 in
872 1124 258 42 remembrance,
1150 1121 132 45 seemed
1299 1125 34 41 to
1351 1120 105 45 them¬

477 1182 104 29 selves
604 1184 33 27 to
665 1179 39 31 be
728 1176 144 39 walking
895 1176 33 39 in
952 1185 18 30 a
995 1175 123 40 dream.
1167 1173 61 42 Mr.
1254 1172 115 43 White
1394 1170 65 45 had

477 1230 154 40 expected
648 1239 143 31 success,
809 1227 57 43 but
885 1236 81 34 even
989 1225 41 45 he
1046 1224 66 46 had
1128 1228 57 42 not
1209 1223 99 48 dared
1323 1227 34 44 to
1374 1221 85 49 hope

477 1283 46 30 for
540 1282 81 30 such
639 1291 18 21 a
675 1290 131 23 success
831 1289 36 24 as
891 1277 78 36 this.
1018 1275 171 37 Ministers
1210 1274 251 39 everywhere—■

480 1334 61 30 and
558 1331 177 41 especially
751 1331 95 41 those
863 1329 73 43 who
954 1327 65 45 had
1037 1326 139 45 cheered
1193 1325 57 47 the
1269 1324 134 48 Singers
1427 1327 33 45 at

479 1383 132 31 Oberlin
627 1382 81 33 with
729 1380 87 35 their
843 1380 159 39 applause
1031 1378 65 41 and
1119 1375 254 44 contributions,
1396 1374 66 45 and

479 1446 33 19 so
538 1434 55 30 felt
619 1444 18 21 a
661 1436 67 29 sort
753 1431 34 33 of
807 1430 204 40 proprietary
1029 1428 137 42 interest
1192 1427 33 43 in
1249 1426 57 44 the
1329 1426 133 44 work—

478 1497 81 29 gave
576 1484 200 42 themselves
794 1480 289 45 enthusiastically
1095 1484 34 42 to
1143 1482 150 43 promote
1310 1487 152 39 arrange¬

479 1539 108 27 ments
607 1536 50 31 for
681 1534 86 33 their
791 1536 162 31 concerts.
999 1531 75 36 And
1098 1530 57 36 the
1185 1530 177 37 audiences
1389 1528 74 39 that

480 1587 147 32 crowded
643 1586 56 33 the
717 1584 162 35 churches
897 1583 63 36 and
985 1581 85 37 halls
1087 1581 109 38 where
1213 1580 79 39 they
1311 1590 82 30 sang
1409 1578 54 41 did

480 1643 55 27 not
560 1648 87 21 seem
672 1641 33 28 to
729 1637 39 33 be
792 1639 134 30 content
944 1633 123 40 merely
1083 1632 80 42 with
1181 1630 225 43 contributing
1422 1640 42 33 an

480 1688 245 32 admission-fee
741 1692 33 28 to
791 1686 86 33 their
893 1686 108 34 funds.

522 1740 129 30 Almost
673 1749 18 20 a
711 1738 107 39 furore
845 1737 50 40 for
918 1736 137 42 making
1077 1735 92 42 them
1195 1737 151 40 presents
1365 1733 99 45 broke

480 1795 67 31 out,
566 1791 64 36 and
657 1788 117 40 spread
799 1788 83 41 from
904 1791 87 37 town
1017 1792 34 36 to
1084 1791 89 37 town
1200 1797 38 32 as
1262 1786 79 42 they
1366 1789 99 39 went.

480 1843 42 29 At
540 1840 134 37 Bristol,
701 1839 129 38 famous
855 1839 49 39 for
927 1839 43 39 its
995 1838 230 39 manufacture
1251 1837 35 40 of
1307 1837 121 40 clocks,
1449 1847 18 30 a

481 1892 189 40 gentleman
702 1888 137 44 pledged
864 1899 18 33 a
907 1888 118 44 supply
1050 1887 34 45 of
1112 1887 73 45 that
1211 1887 108 45 useful
1353 1887 114 45 article

488 1953 39 20 or
550 1942 57 31 the
632 1951 72 22 new
734 1939 79 34 Hall
838 1949 42 24 on
904 1938 43 36 its
971 1937 212 39 completion.
1229 1939 44 36 At
1297 1939 169 36 Winsted,

483 1993 138 31 another
639 1989 267 39 manufacturing
919 1992 121 37 centre,
1054 1998 18 30 a
1089 1988 61 41 few
1164 1987 123 42 friends
1301 1989 167 39 promised

486 2055 18 19 a
520 2043 75 30 bell.
641 2042 72 32 The
726 2041 166 39 Douglass
908 2038 270 42 Manufacturing
1191 2040 71 41 Co.,
1275 2043 33 37 at
1329 2040 138 40 Middle-
