1736 2408
501 357 46 18 122

735 349 189 26 PREFACE
946 348 49 27 TO
1018 349 83 26 THE
1119 347 136 28 MUSIC.

496 441 112 24 tunates
624 447 73 18 were
712 435 130 36 wrought
861 443 81 28 upon
957 433 67 38 with
1039 443 16 28 a
1071 438 61 33 true
1147 431 181 40 inspiration,
1345 432 58 39 and
1423 432 63 39 that

497 481 55 29 this
580 482 51 36 gift
658 491 57 27 was
744 480 150 39 bestowed
922 488 79 30 upon
1030 479 80 39 them
1139 478 39 40 by
1206 487 38 31 an
1274 477 212 41 ever-watchful

498 528 113 33 Father,
628 532 29 28 to
674 526 125 35 quicken
814 525 48 36 the
874 524 96 37 pulses
988 524 33 37 of
1032 523 57 38 life,
1105 523 60 38 and
1180 528 30 33 to
1225 523 75 38 keep
1318 522 79 39 them
1413 524 72 37 from

497 572 48 27 the
561 576 72 22 state
650 572 33 27 of
701 570 135 36 hopeless
851 569 107 37 apathy
974 568 60 38 into
1050 567 94 39 which
1161 567 67 39 they
1242 577 75 29 were
1333 567 29 39 in
1378 569 107 37 danger

498 616 33 27 of
547 615 106 35 falling.

537 660 27 27 A
588 658 144 30 technical
756 658 124 38 analysis
904 660 33 36 of
954 660 82 36 these
1059 658 143 38 melodies
1227 660 93 36 shows
1344 670 82 26 some
1446 661 39 35 in¬

498 705 135 36 teresting
655 705 79 36 facts.
778 705 63 36 The
864 706 59 35 first
945 705 170 37 peculiarity
1132 706 60 36 that
1212 706 101 36 strikes
1332 708 48 34 the
1395 714 90 28 atten¬

498 750 61 29 tion
585 750 23 28 is
630 750 30 29 in
683 750 49 28 the
756 751 122 36 rhythm.
932 750 71 37 This
1032 751 23 36 is
1086 752 80 36 often
1195 752 204 37 complicated,
1425 756 57 33 and

499 795 166 29 sometimes
690 796 150 37 strikingly
864 796 127 38 original.
1036 798 57 36 But
1117 797 139 38 although
1281 808 32 27 so
1339 809 63 26 new
1427 801 57 33 and

499 847 122 32 strange,
648 843 21 36 it
692 842 24 37 is
739 849 77 30 most
841 843 179 36 remarkable
1044 845 61 34 that
1134 844 81 35 these
1248 846 98 33 effects
1375 856 47 23 are
1452 857 32 22 so

500 889 156 36 extremely
671 888 187 38 satisfactory.
902 891 53 35 We
971 900 48 27 see
1034 891 54 35 few
1104 900 80 27 cases
1201 891 33 35 of
1251 891 75 35 what
1349 893 132 33 theorists

499 936 54 27 call
569 936 144 36 mis-form,
730 936 139 36 although
885 936 48 36 the
954 936 118 36 student
1094 937 33 35 of
1144 936 124 36 musical
1290 939 194 36 composition

499 979 24 29 is
539 981 88 36 likely
642 986 29 31 to
690 981 48 36 fall
759 981 61 36 into
842 981 62 36 that
926 991 77 26 error
1024 983 69 36 long
1115 983 71 36 after
1207 984 37 36 he
1266 984 51 36 has
1339 987 143 33 mastered

479 1030 12 12 *
501 1026 48 27 the
564 1026 117 36 leading
696 1026 156 36 principles
869 1029 33 34 of
921 1028 48 35 the
984 1032 49 30 art.

539 1073 134 27 Another
687 1072 165 29 noticeable
867 1074 109 27 feature
992 1074 33 27 of
1035 1075 48 28 the
1101 1084 86 27 songs
1203 1075 23 36 is
1250 1077 48 35 the
1312 1087 62 24 rare
1389 1088 96 24 occur¬

501 1128 87 19 rence
609 1119 33 28 of
666 1118 84 37 triple
773 1119 76 36 time,
874 1129 33 26 or
928 1121 156 37 three-part
1107 1131 132 27 measure
1260 1133 107 29 among
1396 1126 86 36 them.

501 1164 64 28 The
581 1174 103 18 reason
699 1165 44 28 for
759 1165 54 28 this
830 1165 23 28 is
873 1167 150 29 doubtless
1046 1173 29 22 to
1096 1169 37 27 be
1155 1169 92 29 found
1262 1170 28 28 in
1307 1170 48 29 the
1370 1172 114 37 beating

501 1211 33 27 of
553 1212 47 27 the
621 1212 63 27 foot
702 1212 58 27 and
781 1212 49 27 the
855 1213 126 36 swaying
1005 1215 33 35 of
1055 1215 48 35 the
1126 1215 80 38 body
1224 1215 93 37 which
1341 1227 47 25 are
1413 1219 70 33 such

501 1257 133 37 frequent
657 1257 268 37 accompaniments
946 1260 33 35 of
998 1260 48 35 the
1071 1260 119 38 singing.
1236 1263 96 35 These
1356 1263 126 34 motions

501 1312 47 19 are
564 1302 30 29 in
611 1312 72 19 even
698 1313 138 27 measure,
852 1305 59 34 and
933 1304 30 36 in
984 1307 109 35 perfect
1110 1306 86 38 time;
1218 1309 58 35 and
1293 1318 33 26 so
1341 1309 21 35 it
1377 1310 55 34 will
1448 1312 36 32 be

500 1349 91 28 found
617 1350 69 35 that,
709 1350 133 34 however
867 1352 110 33 broken
1005 1353 58 32 and
1093 1353 158 37 seemingly
1275 1354 133 39 irregular
1435 1357 48 36 the

500 1401 167 22 movement
689 1397 33 27 of
739 1396 48 28 the
809 1397 99 35 music,
925 1397 21 35 it
968 1397 24 35 is
1014 1399 104 36 always
1142 1401 120 35 capable
1287 1402 33 34 of
1338 1403 48 33 the
1407 1409 76 27 most

500 1447 83 23 exact
603 1448 219 22 measurement.
877 1445 36 25 In
936 1444 82 27 other
1039 1446 102 35 words,
1166 1445 35 36 its
1224 1446 198 37 irregularities
1444 1449 40 34 in¬

500 1488 126 36 variably
654 1490 132 35 conform
820 1494 30 31 to
887 1490 46 35 the
974 1490 124 38 "higher
1127 1492 75 36 law"
1232 1494 33 34 of
1297 1494 48 33 the
1374 1496 109 36 perfect

499 1534 143 38 rhythmic
658 1536 72 36 flow.

540 1582 27 27 It
588 1581 23 28 is
633 1591 17 18 a
672 1581 191 30 coincidence
885 1583 112 36 worthy
1012 1584 33 36 of
1062 1588 69 31 note
1154 1584 62 35 that
1238 1595 80 24 more
1340 1587 70 32 than
1425 1587 63 32 half

499 1628 48 28 the
569 1627 141 30 melodies
726 1629 30 28 in
773 1628 54 29 this
844 1629 155 28 collection
1014 1640 47 18 are
1077 1630 29 28 in
1122 1632 48 27 the
1186 1642 78 18 same
1282 1635 75 27 scale
1373 1644 30 18 as
1422 1636 61 27 that

498 1672 29 28 in
547 1674 93 28 which
665 1675 128 28 Scottish
816 1676 92 28 music
929 1677 22 28 is
967 1676 129 39 written;
1119 1678 61 36 that
1195 1679 31 36 is,
1243 1679 66 36 with
1326 1682 48 33 the
1389 1682 94 33 fourth

497 1720 58 28 and
571 1722 121 27 seventh
713 1727 82 23 tones
813 1722 129 29 omitted.
987 1725 65 27 The
1066 1725 58 28 fact
1139 1725 62 28 that
1216 1727 48 27 the
1280 1727 90 29 music
1386 1729 32 27 of
1436 1730 48 27 the

497 1766 117 27 ancient
636 1767 109 27 Greeks
769 1767 23 28 is
813 1768 61 27 also
900 1768 62 28 said
988 1774 30 23 to
1041 1770 74 27 have
1136 1771 76 28 been
1237 1773 111 29 written
1374 1773 30 29 in
1428 1775 55 27 this

498 1812 75 27 scale
593 1817 129 31 suggests
744 1822 36 26 an
806 1812 168 38 interesting
996 1814 113 39 inquiry
1125 1826 30 27 as
1178 1823 29 30 to
1230 1819 128 33 whether
1376 1820 19 33 it
1418 1831 66 27 may

495 1862 52 23 not
564 1858 36 27 be
615 1867 17 18 a
648 1857 129 36 peculiar
791 1858 141 36 language
949 1860 33 34 of
999 1868 108 27 nature,
1125 1871 33 24 or
1172 1872 16 23 a
1208 1863 119 38 simpler
1347 1867 137 36 alphabet

495 1902 70 28 than
581 1904 48 27 the
645 1902 134 37 ordinary
795 1903 129 36 diatonic
945 1905 84 36 scale,
1047 1905 29 36 in
1098 1906 94 35 which
1215 1909 49 32 the
1286 1913 195 29 uncultivated

496 1947 81 29 mind
594 1949 75 27 finds
684 1947 35 30 its
736 1947 102 30 easiest
855 1950 175 36 expression.

1051 2004 125 30 THEO.
1203 2007 32 29 F.
1258 2008 182 33 SEWARD.
