1755 2421
447 336 33 26 6o

701 342 83 25 THE
804 341 179 34 JUBILEE
1002 343 180 32 SINGERS.

446 424 158 32 kerchiefs
642 428 111 29 waved
791 428 31 30 in
862 428 55 30 the
957 429 57 36 air,
1050 430 62 35 and
1155 431 56 34 the
1252 432 174 41 deafening

445 475 156 38 applause
625 487 68 26 was
721 478 76 39 kept
824 489 42 29 up
896 480 83 38 until
1007 479 55 39 the
1089 480 133 40 Singers
1257 485 168 36 answered

443 523 79 30 with
541 526 18 27 "
576 525 72 30 God
666 526 84 30 Save
767 526 56 30 the
843 528 146 39 Queen."

484 573 71 30 The
572 575 174 30 American
765 576 199 42 Missionary
980 579 209 39 Association
1212 581 66 37 had
1300 582 123 41 always

441 623 98 30 taken
558 627 114 37 strong
688 627 126 37 ground
840 628 131 39 against
995 629 56 38 the
1071 641 57 26 use
1155 631 33 36 of
1213 632 123 41 liquors
1358 635 64 38 and

441 674 145 31 tobacco.
647 675 70 33 The
737 678 156 32 National
913 679 225 42 Temperance
1163 683 132 40 League
1314 684 105 39 there¬

440 723 65 30 fore
534 724 113 33 looked
672 738 86 30 upon
782 729 55 39 the
863 729 133 41 Singers
1022 743 36 27 as
1080 732 93 38 allies
1198 734 32 36 in
1254 735 41 36 its
1317 738 100 36 work,

439 775 63 30 and
528 786 81 30 gave
636 777 90 39 them
753 789 18 26 a
799 780 120 35 cordial
948 783 156 33 welcome
1128 786 33 29 to
1186 786 86 30 their
1296 789 122 29 annual

436 825 92 31 soiree
546 831 33 27 at
596 828 56 30 the
671 830 137 31 Cannon
827 830 108 33 Street
952 831 177 33 Terminus
1154 837 114 30 Hotel.
1328 839 89 31 Such

435 887 68 21 was
534 879 56 30 the
622 890 174 30 eagerness
827 885 33 34 to
892 882 78 37 hear
1001 885 101 39 them,
1137 886 82 37 after
1249 888 78 42 they
1351 889 65 40 had

435 927 87 30 filled
546 929 56 30 the
624 934 90 35 parts
743 932 153 40 assigned
921 934 92 38 them
1041 946 41 26 on
1110 936 56 36 the
1195 948 219 30 programme,

434 978 72 31 that
523 979 54 30 the
596 981 94 30 other
706 983 161 31 exercises
884 995 84 21 were
987 986 176 33 shortened
1180 992 33 27 to
1231 990 74 39 give
1322 991 92 37 them

433 1038 87 21 more
539 1029 78 31 time
634 1031 48 30 for
699 1032 141 41 singing.

474 1080 41 30 At
542 1080 55 31 the
626 1086 90 34 great
744 1085 122 35 annual
894 1086 63 34 fete
990 1086 33 33 of
1051 1087 55 33 the
1140 1089 134 40 League
1299 1095 33 35 at
1357 1093 55 36 the

432 1130 129 39 Crystal
588 1131 118 38 Palace
732 1134 32 36 in
791 1136 87 41 July,
897 1137 56 40 the
978 1137 65 39 free
1072 1149 57 27 use
1158 1140 34 36 of
1215 1140 56 36 the
1300 1152 111 30 opera-

429 1178 102 32 house
559 1191 68 20 was
651 1182 155 32 tendered
831 1188 34 27 to
892 1185 57 30 the
975 1186 135 41 Singers
1134 1188 50 39 for
1215 1200 19 27 a
1266 1197 143 32 concert,

429 1230 63 30 and
516 1230 42 30 all
587 1231 54 30 the
669 1233 202 41 advertising
895 1247 68 27 was
990 1237 82 36 done
1097 1239 49 34 for
1168 1239 90 34 them
1287 1242 42 40 by
1353 1243 56 39 the

430 1281 208 39 Committee,
656 1283 139 36 without
813 1286 130 40 charge.
981 1287 71 39 The
1069 1295 92 34 great
1179 1296 96 33 event
1293 1293 34 36 of
1342 1294 67 35 this

427 1332 161 36 occasion,
627 1334 107 34 which
777 1347 68 21 was
882 1338 155 31 attended
1073 1341 41 39 by
1151 1342 185 38 thousands
1375 1347 35 33 of

426 1383 233 31 excursionists
675 1385 81 31 from
777 1387 42 30 all
837 1392 89 35 parts
949 1390 33 37 of
1004 1390 56 37 the
1078 1392 167 40 kingdom,
1265 1406 68 26 was
1350 1397 55 35 the

425 1438 129 26 concert
581 1434 96 39 given
702 1435 32 39 in
752 1437 55 36 the
826 1440 124 33 central
974 1444 159 37 transept,
1153 1443 41 41 by
1218 1456 18 28 a
1259 1446 91 38 choir
1373 1449 33 36 of

423 1484 62 30 five
515 1485 165 32 thousand
712 1487 157 39 children,
899 1491 103 36 under
1032 1492 57 34 the
1113 1502 234 33 management
1373 1500 34 35 of

423 1533 62 31 Mr.
505 1535 174 32 Frederick
698 1538 119 31 Smith.
863 1539 73 32 The
960 1542 157 32 audience
1140 1556 69 21 was
1229 1546 172 34 immense.

421 1585 41 29 At
488 1586 57 30 the
570 1587 87 30 close
681 1588 33 31 of
737 1590 57 30 the
820 1601 207 31 programme
1050 1594 57 38 the
1132 1596 147 40 Jubilees
1308 1610 93 27 came

420 1646 85 28 upon
524 1637 55 37 the
597 1638 153 39 platform
768 1641 63 36 and
850 1653 82 29 sang
949 1653 60 28 one
1028 1656 35 26 or
1079 1651 64 30 two
1162 1658 109 30 songs.
1331 1651 70 37 One

420 1686 33 30 of
475 1687 90 30 them
587 1689 33 30 of
645 1700 112 21 course
776 1703 66 20 was
864 1695 118 40 "John
1010 1698 170 39 Brown;"
1200 1700 63 36 and
1285 1705 33 31 at
1342 1702 56 34 the

418 1738 64 30 last
503 1749 91 21 verse
618 1740 61 30 Mr.
700 1742 107 31 Smith
834 1745 160 41 suddenly
1021 1749 121 39 rapped
1169 1761 42 29 up
1235 1751 51 39 his
1308 1763 92 31 army

417 1788 34 30 of
465 1788 124 39 singers
606 1794 33 34 to
653 1791 69 39 join
741 1793 32 37 in
789 1793 56 37 the
863 1794 130 36 chorus.
1033 1797 72 33 The
1124 1800 94 32 effect
1236 1813 67 20 was
1321 1815 78 30 very

416 1839 74 36 fine,
511 1840 63 36 and
590 1841 57 35 the
664 1852 82 30 song
768 1844 109 38 closed
900 1846 79 36 with
1006 1851 104 31 round
1134 1851 82 31 after
1238 1857 104 29 round
1368 1857 34 30 of

415 1890 270 40 long-continued
703 1895 168 39 applause.

457 1940 108 33 These
597 1944 180 39 occasions,
811 1946 160 40 however,
1005 1950 103 36 added
1146 1953 84 33 little
1268 1959 34 27 to
1338 1957 57 32 the

416 1991 125 42 Jubilee
570 1994 105 39 Fund,
695 1996 150 37 valuable
869 2009 35 24 as
927 1999 79 42 they
1029 2011 84 30 were
1135 2003 32 39 in
1190 2005 55 36 the
1267 2016 73 32 way
1363 2010 35 39 of
