1725 2400
457 375 28 17 12

708 366 84 24 THE
811 364 179 34 JUBILEE
1009 363 184 36 SINGERS.

496 449 72 30 The
600 449 135 30 officers'
770 451 148 35 quarters
950 446 135 40 became
1116 444 56 42 the
1203 444 97 42 home
1334 443 33 43 of
1397 453 41 33 an

454 503 129 27 earnest
603 498 86 31 band
706 498 33 32 of
761 497 169 35 teachers;
955 495 57 37 the
1033 494 193 38 sick-wards
1242 504 84 28 were
1344 492 95 39 fitted

455 561 41 28 up
513 560 36 29 as
567 549 235 40 schoolrooms,
822 546 62 42 and
903 545 88 44 filled
1008 544 81 45 with
1107 543 169 46 hundreds
1293 542 34 47 of
1343 552 97 36 eager

455 600 166 36 children;
654 598 56 37 the
737 597 201 39 dead-house
963 605 67 30 was
1054 593 120 42 turned
1200 593 69 42 into
1295 603 18 33 a
1338 596 101 39 store¬

455 660 88 20 room
568 649 34 30 of
630 648 146 39 supplies
804 647 49 40 for
876 646 56 41 the
957 645 109 42 naked
1090 645 64 42 and
1179 643 141 44 hungry.
1367 642 74 45 And

455 700 89 30 there
569 709 68 21 was
660 709 41 21 an
724 698 119 32 almost
867 696 145 40 pathetic
1033 706 153 30 romance
1212 694 33 42 in
1269 694 57 42 the
1350 693 91 43 work

455 750 93 30 when
567 760 18 21 a
609 749 63 39 pile
693 748 33 40 of
749 753 91 36 rusty
857 747 172 42 handcuffs
1053 747 64 42 and
1137 746 114 42 fetters
1275 745 83 43 from
1383 744 57 44 the

456 800 192 32 abandoned
669 800 167 39 slave-pen
860 799 33 39 of
913 799 56 39 the
991 798 67 41 city
1076 807 93 31 came
1192 797 69 42 into
1286 795 57 43 the
1365 806 75 33 pos¬

456 851 124 30 session
598 851 33 30 of
651 850 55 31 the
726 850 123 36 school,
869 850 64 36 and
949 859 84 27 were
1052 849 70 38 sold
1144 858 36 28 as
1203 848 53 39 old
1275 846 81 40 iron,
1375 846 65 40 and

456 903 55 30 the
537 912 117 29 money
677 901 148 39 invested
851 900 33 40 in
903 900 55 41 the
984 899 162 42 purchase
1170 898 33 42 of
1224 897 216 43 Testaments

456 952 63 30 and
543 951 272 39 spelling-books!

498 1002 72 30 The
587 1003 138 30 number
743 1002 33 31 of
789 1002 109 40 pupils
917 1002 33 40 in
967 1001 87 41 daily
1073 1001 197 41 attendance
1290 1000 57 42 the
1368 999 71 42 first

455 1063 78 29 year
549 1052 159 40 averaged
726 1062 75 30 over
817 1062 60 30 one
894 1052 177 40 thousand.
1119 1051 98 41 Some
1233 1051 75 41 who
1332 1050 107 42 began

456 1103 55 30 the
528 1104 69 29 first
615 1107 84 27 term
715 1113 99 21 never
830 1102 117 31 ceased
964 1101 197 32 attendance
1178 1101 85 33 until
1280 1101 78 40 they
1376 1101 65 40 had

456 1152 192 39 graduated,
663 1157 54 35 ten
731 1163 94 29 years
843 1152 201 40 afterwards,
1065 1152 81 40 from
1162 1162 18 30 a
1193 1152 59 40 full
1266 1152 174 40 collegiate

457 1214 125 20 course.
628 1203 42 30 At
687 1203 70 31 first
775 1203 55 31 the
848 1202 197 32 instruction
1066 1213 78 26 was,
1158 1202 34 37 of
1213 1202 177 40 necessity,
1410 1202 35 40 of

458 1263 41 20 an
524 1254 201 38 elementary
747 1257 78 35 sort.
873 1253 67 39 But
966 1253 57 39 the
1045 1252 73 39 idea
1143 1263 87 29 upon
1253 1252 109 39 which
1385 1252 56 39 the

458 1303 111 30 school
606 1314 68 20 was
711 1303 169 39 avowedly
911 1303 152 39 founded,
1102 1303 35 39 of
1172 1303 172 39 providing
1383 1302 57 40 the

458 1353 131 39 highest
606 1353 171 39 collegiate
803 1353 212 39 advantages,
1033 1364 69 29 was
1124 1354 77 39 kept
1218 1353 224 40 prominently

459 1404 30 29 in
504 1403 94 31 view.
647 1404 39 30 In
705 1403 80 39 1867
803 1404 55 39 the
876 1404 109 38 action
1004 1404 34 39 of
1051 1404 56 38 the
1125 1404 66 39 city
1206 1404 34 39 of
1255 1404 186 39 Nashville,

459 1454 31 29 in
522 1452 134 39 making
693 1463 90 29 some
816 1454 164 39 provision
1017 1454 48 39 for
1097 1455 109 39 public
1240 1455 130 39 schools
1407 1460 34 34 at

459 1503 105 30 which
582 1503 153 30 coloured
760 1504 146 30 children
926 1505 96 30 could
1045 1505 39 30 be
1108 1505 171 37 educated,
1299 1505 142 37 relieved

460 1554 55 30 the
555 1554 111 30 school
698 1554 34 30 of
767 1565 98 30 many
883 1555 33 39 of
968 1556 42 39 its
1049 1556 145 41 primary
1228 1557 111 40 pupils
1378 1557 64 39 and

460 1605 125 39 opened
607 1605 55 39 the
682 1615 72 30 way
771 1605 48 39 for
840 1616 90 29 more
953 1607 157 39 perfectly
1133 1607 151 40 carrying
1306 1611 57 36 out
1386 1608 58 39 the

459 1655 136 39 original
613 1665 150 29 purpose.
796 1656 27 38 A
841 1656 183 40 university
1041 1657 131 39 charter
1188 1668 68 28 was
1274 1658 168 39 obtained.

460 1706 97 29 Some
591 1705 33 30 of
656 1706 55 29 the
743 1706 166 40 buildings
942 1707 108 39 which
1082 1708 66 38 had
1179 1708 81 38 been
1294 1710 81 36 used
1408 1719 38 27 as

461 1755 223 30 schoolrooms
701 1766 83 20 were
801 1757 130 30 refitted
951 1768 36 20 as
1004 1758 221 38 dormitories,
1245 1759 69 36 into
1332 1759 111 36 which

461 1806 150 30 students
632 1806 81 30 from
737 1807 131 37 abroad,
887 1818 97 30 eager
1005 1809 48 39 for
1075 1820 19 27 a
1115 1809 118 39 higher
1256 1811 187 38 education,

461 1860 33 27 at
521 1866 80 20 once
629 1856 104 39 began
759 1861 34 34 to
817 1857 128 39 gather.
993 1859 30 37 It
1051 1869 68 27 was
1145 1864 57 32 not
1232 1860 78 38 long
1335 1861 109 37 before

460 1906 54 30 the
532 1907 138 30 number
687 1906 156 40 applying
867 1908 48 39 for
933 1908 180 39 admission
1130 1919 68 27 was
1216 1914 130 34 greater
1362 1910 81 38 than

461 1957 95 30 could
572 1957 38 30 be
628 1958 282 30 accommodated.

502 2007 106 30 There
633 2018 98 21 never
754 2019 69 20 was
852 2019 18 20 a
896 2007 74 32 hive
996 2009 33 30 of
1062 2009 111 31 busier
1196 2010 155 31 workers.
1399 2011 46 30 As
