1725 2399
453 354 32 24 92

721 342 84 26 THE
825 336 179 37 JUBILEE
1022 331 185 42 SINGERS.

452 431 139 27 account
613 426 34 33 of
668 435 79 30 poor
770 420 124 45 health.
941 417 111 47 When
1077 414 117 51 twelve
1221 421 38 43 or
1282 408 156 56 thirteen,

452 478 57 30 she
535 478 104 38 began
663 480 34 36 to
721 474 76 42 take
826 472 128 44 lessons
978 468 33 48 in
1035 464 117 52 music.
1201 462 67 54 But
1296 459 57 57 the
1381 457 60 59 sad

452 529 64 29 and
533 528 125 30 sudden
676 525 99 33 death
793 521 34 37 of
848 522 58 36 her
921 518 108 40 father
1046 517 42 41 by
1104 513 144 45 cholera,
1267 510 96 48 when
1382 507 58 51 she

450 589 69 19 was
543 579 58 30 but
625 576 123 34 fifteen,
768 572 99 39 broke
891 580 43 30 up
954 567 86 43 their
1064 567 108 44 home.
1218 562 53 48 All
1294 561 51 50 his
1368 570 71 41 pro¬

451 631 105 35 perty,
574 625 35 41 of
632 623 109 43 which
769 621 40 45 he
838 620 64 46 had
932 617 97 49 again
1059 611 231 55 accumulated
1318 621 19 45 a
1365 619 75 47 con¬

453 676 160 31 siderable
636 676 149 33 amount,
807 669 171 40 including
993 667 57 42 the
1074 666 98 44 piano
1194 664 40 45 he
1257 661 65 48 had
1344 660 96 49 given

451 733 34 27 to
511 728 88 36 Ella,
617 729 87 35 went
729 728 34 36 to
788 733 65 31 pay
877 721 57 43 the
960 722 90 42 costs
1070 718 35 46 of
1125 715 114 49 unjust
1266 711 174 53 law-suits,

453 780 63 30 and
545 779 58 31 she
629 776 64 34 and
721 775 58 35 her
804 772 207 41 stepmother
1033 779 86 34 were
1145 767 129 46 thrown
1301 763 141 50 entirely

453 841 87 29 upon
571 828 87 42 their
687 835 180 35 resources.
922 823 98 47 Often
1053 820 80 50 they
1161 828 84 42 were
1282 816 33 54 in
1347 818 93 52 great

453 882 123 36 straits,
603 880 65 38 and
692 888 90 30 more
804 876 82 42 than
911 884 80 34 once
1018 872 77 46 Ella
1120 873 87 45 went
1230 873 35 45 to
1292 866 150 52 festivals

451 933 109 30 where
581 932 60 31 her
657 930 142 33 services
822 938 36 25 as
878 936 19 27 a
914 924 123 40 pianist
1053 933 86 32 were
1161 921 33 43 in
1212 918 154 46 demand,
1383 918 59 47 but

451 988 89 27 went
564 982 201 40 supperless,
789 980 142 42 because
954 976 93 46 there
1071 983 69 39 was
1164 971 141 51 nothing
1327 969 33 53 in
1386 969 57 54 the

452 1036 105 30 house
573 1038 34 27 to
624 1037 65 29 eat.

495 1086 29 29 A
549 1085 117 35 friend,
694 1082 74 38 who
795 1080 66 39 had
888 1080 136 40 become
1053 1074 199 46 acquainted
1279 1072 81 48 with
1386 1071 59 48 her

453 1136 141 32 musical
630 1134 155 36 abilities,
818 1131 120 39 offered
969 1134 35 36 to
1035 1128 73 42 give
1140 1127 59 42 her
1229 1136 21 33 a
1278 1123 165 46 thorough

453 1198 115 21 course
594 1187 34 33 of
656 1184 198 36 instruction
879 1193 36 27 as
939 1192 20 27 a
982 1179 107 41 music
1112 1178 145 42 teacher,
1282 1176 81 44 with
1386 1174 57 45 the

453 1238 265 38 understanding
741 1236 74 39 that
839 1234 59 42 she
918 1242 69 33 was
1011 1236 35 40 to
1069 1240 101 36 repay
1186 1228 69 48 him
1278 1227 84 49 from
1386 1227 59 49 her

454 1290 155 39 earnings
625 1290 176 39 whenever
824 1285 58 44 she
899 1295 69 34 was
991 1282 73 47 able
1080 1285 46 44 to.
1176 1279 156 50 Madame
1357 1277 86 52 Rivi,

454 1353 41 20 an
525 1341 147 33 eminent
699 1338 135 36 teacher
861 1336 35 37 of
916 1332 202 41 Cincinnati,
1141 1341 69 32 was
1238 1331 149 42 engaged
1410 1333 34 40 to

453 1394 72 40 give
554 1393 59 41 her
649 1389 200 45 instruction
878 1397 42 37 on
946 1386 57 48 the
1041 1383 110 51 piano.
1200 1382 66 52 She
1294 1392 69 42 was
1388 1380 57 54 the

454 1446 77 39 only
557 1442 154 42 coloured
741 1439 102 45 pupil,
873 1438 64 46 and
964 1437 57 48 the
1050 1433 187 51 conditions
1266 1443 42 42 on
1337 1431 108 53 which

455 1498 57 30 she
536 1505 69 23 was
631 1493 100 35 taken
759 1501 96 27 were,
882 1489 73 39 that
980 1488 57 40 the
1066 1488 233 39 arrangement
1327 1484 120 44 should

454 1549 39 30 be
533 1548 77 39 kept
649 1547 117 39 secret,
801 1542 64 45 and
902 1539 74 47 that
1013 1538 59 48 she
1109 1536 119 50 should
1267 1539 93 48 enter
1389 1535 57 51 the

454 1600 103 30 house
582 1598 42 39 by
648 1596 57 40 the
729 1593 84 43 back
837 1602 84 34 way,
940 1590 64 47 and
1029 1589 126 48 receive
1179 1588 58 48 her
1261 1587 128 50 lessons
1413 1586 34 51 in

456 1662 18 19 a
498 1647 156 34 secluded
678 1656 91 25 room
795 1643 156 41 upstairs,
970 1642 149 42 between
1144 1639 75 45 nine
1245 1639 64 45 and
1333 1642 56 42 ten
1414 1641 33 42 at

455 1701 106 39 night.

497 1751 72 30 The
587 1749 116 32 failure
720 1747 35 34 of
773 1747 59 34 her
848 1750 119 36 patron
984 1755 78 31 very
1079 1754 80 32 soon
1176 1743 101 43 broke
1294 1752 43 33 up
1355 1740 93 45 these

456 1803 105 39 plans.
610 1800 108 42 Being
746 1797 105 45 under
876 1797 57 45 the
966 1794 167 48 necessity
1161 1794 35 48 of
1227 1792 140 50 earning
1392 1793 60 49 her

456 1863 72 21 own
557 1851 114 39 living,
700 1849 58 40 she
788 1845 158 44 accepted
972 1845 57 44 the
1059 1845 79 45 offer
1163 1844 35 45 of
1230 1854 18 35 a
1275 1843 114 46 school
1417 1842 33 47 in

458 1902 159 37 Gallatin,
642 1901 202 38 Tennessee.
896 1895 169 44 Although
1093 1894 58 45 she
1176 1894 66 45 had
1267 1894 183 45 thirty-five

458 1954 159 36 scholars,
642 1952 57 39 the
728 1946 246 45 remuneration
1004 1956 69 35 was
1101 1955 36 36 so
1166 1945 97 45 small
1291 1945 75 45 that
1392 1945 59 45 she

457 2016 69 21 was
555 2004 72 33 able
654 2007 36 30 to
719 2011 78 26 save
828 2000 58 37 but
914 1997 49 40 six
990 1997 122 40 dollars
1140 1995 83 42 from
1251 1995 57 42 the
1337 1997 115 40 term's
