1725 2400
579 702 141 40 THE
759 705 217 42 STORY

737 839 28 15 OF
779 840 48 14 TUB

377 947 363 63 JUBILEE
791 949 395 61 SINGERS.

641 1215 220 32 CHAPTER
893 1216 28 31 I.

560 1308 72 22 the
655 1309 91 23 year
771 1310 42 22 of
835 1310 159 29 jubilee.

287 1386 80 30 The
392 1390 90 36 story
505 1386 35 40 of
559 1386 56 41 the
638 1386 130 40 Jubilee
793 1386 135 40 Singers
960 1398 106 29 seems
1090 1388 120 39 almost
1234 1398 37 28 as

288 1438 84 30 little
389 1438 65 30 like
478 1449 19 20 a
522 1438 138 38 chapter
682 1438 81 38 from
789 1438 66 38 real
880 1437 54 39 life
959 1448 35 28 as
1019 1437 55 39 the
1100 1438 114 39 legend
1239 1439 35 39 of

286 1489 56 30 the
359 1488 117 39 daring
492 1488 189 39 Argonauts
699 1488 72 39 who
796 1488 101 39 sailed
915 1488 78 39 with
1017 1488 103 39 Jason
1139 1499 40 29 on
1197 1488 72 39 that

285 1540 129 30 famous
444 1549 125 30 voyage
596 1539 84 40 after
700 1539 55 40 the
776 1539 127 39 Golden
929 1539 128 39 Fleece.
1107 1539 30 39 It
1161 1539 27 40 is
1213 1539 55 39 the

286 1596 91 35 story
394 1591 34 39 of
443 1602 18 29 a
478 1591 85 39 little
582 1600 165 30 company
763 1590 34 41 of
819 1590 227 41 emancipated
1072 1590 106 41 slaves
1195 1589 72 42 who

287 1646 48 26 set
354 1645 57 27 out
428 1646 33 26 to
485 1650 123 27 secure,
628 1640 42 39 by
686 1641 87 39 their
789 1639 140 41 singing,
948 1641 56 39 the
1029 1640 150 40 fabulous
1197 1650 72 30 sum

286 1693 34 30 of
335 1691 141 40 $20,000
492 1692 48 39 for
555 1691 56 40 the
630 1690 240 41 impoverished
887 1691 111 40 school
1017 1690 31 41 in
1067 1690 106 41 which
1191 1691 78 40 they

285 1752 85 21 were
390 1742 162 31 students.
601 1740 71 33 The
690 1741 100 32 world
807 1752 68 21 was
890 1752 36 21 as
944 1741 163 32 unknown
1125 1746 33 27 to
1176 1741 93 32 these

287 1794 206 31 untravelled
507 1792 87 33 freed
606 1792 114 40 people
733 1803 35 29 as
781 1803 84 30 were
878 1792 55 40 the
947 1792 165 40 countries
1125 1792 143 40 through

288 1844 106 32 which
419 1845 57 31 the
500 1845 189 39 Argonauts
714 1842 64 41 had
802 1846 33 37 to
861 1853 76 30 pass
951 1854 8 30 ;
994 1842 57 41 the
1076 1842 99 41 social
1200 1853 67 30 pre

283 1896 129 40 judices
430 1896 72 40 that
522 1893 192 42 confronted
733 1894 90 42 them
840 1904 84 32 were
937 1904 36 32 as
988 1893 131 43 terrible
1137 1896 33 39 to
1185 1896 86 39 meet

286 1959 35 20 as
345 1947 251 39 fire-breathing
620 1946 85 40 bulls
729 1956 36 30 or
789 1944 56 42 the
873 1944 149 42 warriors
1050 1944 72 42 that
1152 1953 120 33 sprang

285 2001 81 30 from
381 1998 57 33 the
453 1998 76 33 land
544 2007 90 24 sown
652 1996 79 35 with
750 1996 151 38 dragons'
921 1995 89 39 teeth
1023 2006 6 28 ;
1059 1995 63 39 and
1140 2004 42 30 no
1200 2004 74 30 seas
