1725 2400
894 484 99 33 THE

501 562 289 42 FREEDMEN'S
827 559 212 45 MISSIONS
1074 557 79 47 AID
1191 555 201 48 SOCIETY.

624 695 150 23 President—
776 696 87 22 earl
879 695 42 23 of
938 691 244 27 shaftesbury,
1203 690 63 28 k.g.

616 744 228 21 Treasurer—hon.
862 741 144 24 arthur
1023 738 179 27 kinnaird,
1221 737 63 28 m.p.

837 790 61 20 Hon.
912 788 146 23 Secretaries.

489 827 62 22 rev.
570 827 44 22 ll.
634 826 29 23 d.
683 825 116 24 bevan,
819 825 78 25 ll.b.
950 822 3 28 |
1033 823 63 27 rev.
1116 821 117 30 henry
1244 819 111 31 jones,
1375 819 66 32 m.a.

874 871 146 22 Secretaries.

520 911 62 21 rev.
600 911 28 21 o.
648 910 32 22 h.
698 909 123 25 white,
842 908 63 26 d.d.
945 906 4 29 |
1021 906 63 29 rev.
1099 906 22 30 j.
1140 903 150 32 gwynne
1301 902 112 33 jones.

465 1038 39 30 It
531 1047 107 21 seems
669 1035 110 39 fitting
804 1035 73 39 that
911 1032 69 42 this
1008 1026 299 48 Society—whose
1332 1023 114 51 distin¬

465 1088 139 40 guished
642 1086 178 42 president,
853 1084 57 44 the
944 1083 78 45 Earl
1050 1081 34 47 of
1114 1078 228 50 Shaftesbury,
1365 1074 79 54 with

465 1140 55 30 the
547 1137 181 33 Executive
755 1134 210 36 Committee,
983 1142 83 30 gave
1089 1131 57 42 the
1158 1128 130 44 Jubilee
1312 1127 135 45 Singers

465 1190 86 30 their
579 1190 71 30 first
675 1186 222 34 introduction
927 1189 33 31 to
986 1185 102 35 Great
1106 1179 141 41 Britain,
1266 1176 180 44 welcomed

466 1242 91 30 them
576 1251 40 21 on
641 1239 87 33 their
744 1237 120 34 second
889 1235 142 39 coming,
1050 1233 63 40 and
1140 1230 124 44 started
1288 1229 91 45 them
1407 1237 41 36 on

467 1292 87 30 their
579 1290 146 32 brilliant
750 1287 274 36 career—should
1052 1285 81 37 have
1161 1293 90 30 some
1275 1281 93 42 place
1386 1278 63 44 and

468 1343 112 31 record
605 1342 31 32 in
666 1341 67 33 this
757 1341 141 35 volume,
916 1338 108 38 which
1050 1334 153 42 contains
1227 1333 57 42 the
1313 1335 89 41 story
1419 1329 34 46 of

468 1394 86 31 their
570 1393 94 32 noble
684 1401 132 24 success
832 1391 33 34 in
882 1390 56 35 the
957 1388 169 39 kingdom.

511 1443 72 30 The
601 1441 133 39 Society
749 1451 68 30 was
840 1437 174 43 organised
1034 1437 32 44 in
1083 1436 56 45 the
1169 1444 79 36 year
1263 1433 91 48 1872,
1374 1442 41 39 on
1436 1441 18 39 a

470 1494 101 31 broad
595 1492 141 33 catholic
759 1491 100 37 basis,
877 1490 80 38 with
980 1488 56 39 the
1063 1495 141 33 purpose
1221 1488 34 39 to
1271 1484 111 44 follow
1397 1482 57 45 the

471 1545 150 39 leadings
653 1544 34 40 of
714 1542 57 42 the
804 1540 120 44 Divine
955 1538 201 46 Providence
1181 1536 33 48 in
1240 1534 135 50 helping
1398 1533 57 51 the

471 1596 174 31 education
671 1594 34 33 of
726 1593 57 33 the
810 1590 230 39 emancipated
1067 1590 108 40 slaves
1202 1587 35 43 of
1256 1586 57 44 the
1332 1584 124 46 United

475 1649 112 30 States
612 1656 36 22 as
672 1644 151 34 teachers
849 1643 63 36 and
936 1639 226 39 missionaries
1186 1642 34 36 to
1245 1638 56 40 the
1326 1635 129 43 African

472 1709 86 20 race.
604 1696 74 33 And
701 1695 78 33 thus
804 1695 50 34 far
869 1694 57 35 the
953 1692 149 39 blessing
1128 1690 34 41 of
1187 1689 73 42 God
1288 1687 61 44 has
1374 1687 81 44 been

474 1748 189 39 manifestly
681 1757 87 30 upon
792 1745 67 42 this
876 1744 100 43 work.
1024 1744 64 43 We
1113 1741 83 46 have
1221 1743 92 44 great
1341 1748 116 39 reason

471 1801 50 30 for
537 1798 165 41 gratitude
723 1798 95 41 when
836 1806 48 33 we
912 1795 99 44 recall
1038 1794 57 45 the
1119 1803 73 36 way
1218 1791 33 48 in
1276 1789 109 50 which
1410 1799 48 40 we

473 1852 83 30 have
583 1851 81 32 been
689 1848 64 36 led,
771 1848 64 37 and
858 1847 56 38 the
939 1855 162 30 generous
1125 1842 123 43 friends
1274 1842 74 44 that
1373 1841 84 45 have

475 1912 91 21 come
589 1905 34 28 to
648 1911 60 23 our
726 1899 53 34 aid
803 1899 33 35 in
864 1898 56 36 the
944 1901 92 35 great
1057 1895 89 41 work
1163 1893 96 42 given
1285 1904 39 32 us
1346 1896 34 39 to
1404 1892 53 44 do.

473 1953 73 30 The
578 1953 93 31 effort
702 1955 35 29 to
768 1949 188 39 evangelise
993 1947 110 41 Africa
1133 1946 43 42 by
1206 1944 57 43 the
1298 1942 162 45 educated

475 2004 168 32 Christian
659 2001 180 34 Freedmen
858 2000 34 36 of
906 1998 153 37 America
1071 2001 88 34 must
1179 1995 174 40 commend
1371 1995 90 41 itself

474 2060 33 30 to
534 2055 42 35 all
609 2052 190 45 thoughtful
831 2051 120 46 minds,
996 2050 27 47 A
1048 2048 111 49 native
1191 2058 126 39 agency
1343 2046 27 51 is
1401 2046 57 51 the
