1725 2400
606 312 152 27 PUBLIC
774 312 230 27 MEETINGS.

1274 318 33 28 59

315 402 64 31 Mr.
400 402 138 39 Motley,
557 401 33 40 in
611 401 202 40 accordance
837 400 81 41 with
943 410 18 31 a
986 399 142 42 promise
1153 399 95 42 made
1271 402 34 39 to

315 454 93 31 them
427 464 42 21 on
488 452 85 33 their
589 453 72 33 first
678 451 78 34 visit
773 456 34 29 to
825 452 137 33 Carlton
983 452 115 33 House
1115 450 152 36 Terrace.

360 505 136 30 Several
521 504 95 32 other
639 503 174 33 occasions
838 502 114 33 served
977 507 34 29 to
1044 502 171 33 introduce
1246 501 57 34 the

320 557 138 40 Singers
485 561 34 36 to
544 555 57 42 the
630 555 122 42 public,
780 555 33 42 in
845 565 19 32 a
894 564 74 33 way
997 553 75 44 that
1103 564 81 33 gave
1215 553 93 44 them

322 608 126 41 special
471 608 153 41 leverage
649 606 34 42 in
707 606 88 42 their
817 606 92 43 work
933 606 204 43 afterwards.
1183 606 51 43 By
1257 604 57 45 the

322 660 80 32 kind
425 659 186 33 assistance
636 658 35 33 of
693 659 58 33 Dr.
770 657 108 39 Allon,
898 657 63 39 and
987 668 60 28 one
1072 667 36 29 or
1130 660 66 36 two
1220 656 95 40 other

323 711 135 39 friends,
478 713 253 37 arrangements
753 720 85 30 were
857 709 95 41 made
969 708 48 42 for
1034 708 91 42 them
1142 711 34 39 to
1194 717 122 33 appear

324 768 36 27 at
383 762 58 33 the
465 762 124 33 annual
615 762 117 33 dinner
755 760 36 34 of
810 760 57 34 the
892 759 280 41 Congregational
1191 758 124 42 Union.

327 815 58 31 Six
408 824 36 22 or
469 824 99 22 seven
587 812 150 34 hundred
756 811 133 39 leading
906 810 168 41 ministers
1092 810 63 40 and
1173 810 142 40 laymen,

327 866 84 31 from
443 865 44 32 all
519 867 91 37 parts
636 864 35 41 of
698 863 57 42 the
782 862 168 42 kingdom,
975 873 85 32 were
1085 865 142 39 present,
1252 861 64 44 and

329 926 83 30 gave
429 918 177 38 rapturous
624 913 159 43 applause
804 916 34 40 to
863 922 60 34 one
942 912 83 45 after
1041 911 140 45 another
1205 909 33 47 of
1258 909 57 47 the

331 977 114 29 songs.
490 966 45 39 As
553 969 34 37 at
606 964 145 42 Oberlin,
766 963 68 42 this
863 963 114 42 served
1008 973 36 33 as
1076 972 18 33 a
1125 961 190 45 favourable

332 1017 225 32 introduction
588 1020 34 30 to
654 1015 57 34 the
744 1014 249 36 denomination
1024 1012 204 40 throughout
1260 1011 57 41 the

333 1069 108 31 whole
459 1071 151 36 country.
658 1065 72 42 The
753 1065 162 42 promises
939 1065 34 42 of
994 1063 224 44 co-operation
1236 1072 84 35 were

336 1131 102 29 many
455 1119 65 40 and
536 1128 85 31 were
638 1118 74 42 well
729 1117 88 42 kept.

379 1172 43 30 At
438 1171 57 30 the
513 1169 215 39 anniversary
744 1169 34 39 of
792 1167 56 41 the
867 1166 212 42 Freedmen's
1095 1165 156 43 Missions
1262 1164 61 45 Aid

339 1222 144 40 Society,
502 1221 57 42 the
588 1221 135 42 Singers
749 1229 84 33 were
858 1217 186 45 advertised
1070 1227 36 36 as
1131 1227 60 36 one
1215 1215 33 47 of
1268 1215 56 48 the

340 1273 210 36 attractions,
565 1272 63 36 and
646 1271 56 38 the
720 1270 68 39 hall
805 1280 68 29 was
891 1269 99 40 much
1008 1272 54 37 too
1081 1268 96 41 small
1194 1271 33 38 to
1248 1266 77 43 hold

340 1326 45 32 all
415 1325 75 33 who
522 1334 105 24 came.
674 1322 90 36 Lord
795 1320 219 39 Shaftesbury
1046 1318 162 42 presided.
1254 1317 72 43 The

341 1377 176 33 venerable
543 1376 58 33 Dr.
623 1374 116 36 Moffat
767 1383 68 27 was
857 1381 123 30 among
999 1371 56 40 the
1080 1369 165 42 speakers,
1265 1368 63 43 and

342 1428 192 41 eloquently
564 1425 145 43 testified
741 1428 34 40 to
806 1423 57 45 the
896 1422 149 46 renewed
1072 1422 84 47 hope
1187 1420 41 48 he
1264 1419 65 50 had

342 1481 50 31 for
407 1479 111 33 Africa
535 1488 36 24 as
588 1477 42 35 he
647 1475 141 37 listened
804 1478 33 34 to
855 1474 57 38 the
928 1473 129 40 Jubilee
1073 1472 144 42 Singers.
1277 1470 53 43 He

345 1531 66 32 had
438 1531 83 32 been
552 1530 19 33 "
584 1527 137 39 holding
747 1526 51 40 his
826 1524 71 42 tiny
927 1523 165 43 rushlight
1125 1521 120 45 amidst
1273 1520 56 46 the

346 1581 204 33 desolations
575 1579 35 34 of
630 1579 74 34 that
729 1575 181 38 continent,
937 1574 64 39 and
1033 1572 135 41 holding
1203 1572 24 42 it
1251 1570 78 43 with

346 1634 58 30 the
435 1631 122 39 feeling
588 1629 74 40 that
693 1627 51 42 his
775 1626 111 43 efforts
924 1634 84 36 were
1047 1623 120 46 almost
1205 1620 126 49 futile."

350 1686 69 29 But
436 1693 36 21 as
489 1682 42 33 he
554 1678 144 39 thought
723 1677 33 40 of
777 1676 57 42 the
857 1674 129 43 trained
1011 1672 225 45 missionaries
1259 1671 74 47 who

351 1734 106 39 might
487 1735 54 38 yet
573 1731 37 42 be
643 1728 106 45 raised
783 1738 42 35 up
858 1736 121 37 among
1010 1725 56 48 the
1105 1722 230 51 emancipated

352 1786 108 30 slaves
478 1784 34 33 of
534 1781 161 36 America,
714 1780 39 36 he
771 1789 68 27 saw
855 1778 84 39 light
957 1776 114 40 ahead.
1131 1775 89 42 Here
1239 1773 96 43 again

351 1837 57 31 the
428 1836 19 32 "
459 1834 87 42 John
563 1831 146 45 Brown"
723 1840 81 36 song
819 1827 178 49 electrified
1011 1827 55 49 the
1084 1825 169 51 audience.
1291 1824 45 52 As

353 1887 58 32 the
429 1885 135 39 stirring
579 1882 120 42 refrain
717 1891 81 33 rang
814 1884 68 40 out,

461 1939 15 15 "
486 1939 73 35 John
574 1940 99 34 Brown
687 1936 63 38 died
765 1936 59 38 that
837 1934 45 40 the
897 1934 75 40 slave
985 1932 88 42 might
1086 1931 34 43 be
1134 1929 54 45 free
1200 1929 27 45 !"

354 1989 58 33 the
430 1989 100 33 dense
548 1986 159 36 audience
729 1995 72 28 rose
818 1986 34 36 to
870 1981 85 42 their
970 1980 75 42 feet,
1063 1979 75 44 hats
1156 1977 63 45 and
1237 1976 101 47 hand-
