1729 2403
498 351 141 27 SUNDA
649 353 27 25 Y
690 353 159 27 SCHOOL
868 355 226 26 MEETINGS.
1244 357 33 32 87

279 436 117 33 bution
420 442 35 27 to
476 439 87 31 their
586 440 92 39 fund,
702 442 237 39 accompanied
961 442 81 39 with
1065 443 57 39 the
1144 447 132 36 request

279 489 75 32 that
371 489 79 42 they
460 492 111 39 would
588 492 75 41 sing
681 492 20 40 "
715 493 69 39 I've
797 493 83 39 been
896 494 214 39 Redeemed"
1128 498 33 35 at
1180 505 96 30 every

279 546 135 27 concert
441 543 80 42 they
546 543 120 41 should
688 543 75 41 give
790 544 33 40 in
853 546 103 39 Great
985 546 141 39 Britain.
1173 545 104 39 Their

279 592 133 41 singing
441 594 35 39 of
503 594 67 39 this
599 595 65 38 and
692 596 96 37 other
818 596 120 41 hymns
967 601 33 36 at
1032 597 57 39 the
1119 597 158 39 Glasgow

279 644 230 41 Evangelistic
534 646 214 39 Conference,
774 647 33 38 in
836 648 154 38 October,
1007 659 69 27 was
1101 648 123 40 spoken
1245 649 36 39 of

279 695 33 31 in
330 696 44 30 all
392 702 129 35 reports
537 708 36 28 as
591 708 63 28 one
666 698 36 39 of
719 698 58 39 the
795 699 125 39 special
937 699 200 39 attractions
1152 700 34 39 of
1202 699 73 39 that

278 747 165 40 inspiring
459 749 160 41 meeting.

324 799 173 40 Religious
521 800 166 41 meetings
706 800 82 41 with
814 800 57 41 the
897 801 267 42 Sunday-school
1195 803 79 40 chil¬

279 851 90 37 dren,
396 861 42 27 on
468 852 167 42 Saturday
657 862 36 31 or
720 852 148 41 Sunday,
895 864 94 30 came
1013 858 34 36 to
1071 855 51 39 be,
1149 854 81 39 also,
1257 866 18 27 a

280 912 153 21 common
447 904 64 30 and
528 904 183 40 important
724 904 128 40 feature
864 904 34 40 of
912 905 89 39 their
1011 906 99 39 work.
1145 906 129 39 Admis¬

280 954 72 31 sion
382 965 70 21 was
480 956 126 40 always
631 955 97 41 given
761 956 43 40 by
829 955 66 41 free
926 956 132 40 tickets,
1089 957 188 41 previously

282 1006 198 31 distributed
503 1011 35 27 to
563 1018 19 20 a
606 1007 126 31 certain
757 1007 192 40 proportion
974 1008 35 39 of
1036 1008 150 39 teachers
1211 1011 64 36 and

282 1058 171 37 scholars;
489 1059 65 36 and
584 1058 57 37 the
673 1058 162 37 exercises
867 1058 168 37 consisted
1066 1059 35 36 of
1131 1059 143 42 singing,

283 1109 189 31 alternated
489 1110 81 31 with
589 1109 91 32 short
696 1110 184 31 addresses.
921 1110 42 30 At
981 1110 183 39 Aberdeen,
1177 1120 98 31 4,000

281 1161 153 31 teachers
453 1161 64 30 and
543 1161 149 31 scholars
708 1161 89 31 filled
821 1161 57 32 the
900 1161 108 32 Music
1031 1162 92 38 Hall,
1141 1166 34 34 at
1197 1163 77 37 nine

282 1223 41 21 on
342 1212 138 40 Sunday
492 1212 170 41 morning;
690 1212 65 41 and
774 1221 77 32 over
870 1220 96 33 5,000
983 1212 159 40 gathered
1165 1213 33 39 in
1215 1213 57 39 the

282 1263 87 31 Drill
382 1264 92 37 Hall,
495 1263 207 39 Edinburgh,
722 1266 33 36 at
771 1266 57 36 ten
846 1263 136 39 o'clock,
1000 1274 42 29 on
1060 1275 19 28 a
1096 1264 177 42 Saturday.

282 1315 99 38 Both,
406 1315 65 38 like
495 1316 112 37 others
625 1314 35 39 of
681 1315 104 38 lesser
806 1315 169 38 numbers,
993 1325 84 28 were
1101 1316 173 37 occasions

281 1367 34 30 of
351 1371 101 27 sweet
485 1367 63 31 and
588 1366 126 32 solemn
748 1365 137 33 interest
917 1365 73 33 that
1022 1365 66 33 will
1126 1366 39 32 be
1198 1367 76 42 long

280 1418 237 32 remembered.

322 1470 75 30 And
422 1481 36 21 so
483 1481 97 30 every
603 1470 93 41 week
720 1470 103 42 added
855 1473 35 39 to
912 1469 57 42 the
994 1480 178 31 assurance
1196 1471 75 40 that

279 1522 80 41 they
374 1532 86 31 were
477 1522 100 41 doing
600 1521 86 42 good
703 1532 36 31 as
755 1521 79 42 they
852 1530 94 33 sang,
964 1531 36 32 as
1017 1521 74 42 well
1108 1532 36 31 as
1161 1526 34 37 to
1212 1522 57 41 the

279 1573 87 40 hope
390 1572 75 41 that
489 1574 79 40 they
592 1573 108 41 might
728 1572 77 42 take
831 1572 84 42 back
939 1575 34 39 to
996 1571 57 43 the
1080 1572 193 42 University

281 1626 146 39 £10,000
444 1635 37 30 as
500 1624 57 40 the
576 1624 105 40 result
701 1623 35 42 of
755 1622 87 42 their
867 1623 122 42 second
1011 1622 78 42 visit
1111 1626 36 38 to
1169 1623 102 41 Great

282 1674 144 32 Britain.
