1725 2400
688 336 121 25 DARK
823 336 57 25 DA
891 337 52 24 VS.

316 423 57 31 the
392 426 156 28 warmest
566 423 123 32 friends
707 423 63 31 and
789 428 190 35 supporters
997 423 34 39 of
1051 423 57 39 the
1131 424 174 39 American

317 474 204 39 Missionary
537 475 211 39 Association
767 474 115 39 looked
901 486 87 29 upon
1007 474 67 40 this
1091 485 73 30 new
1182 484 124 30 agency

314 528 50 30 for
401 527 127 39 raising
557 527 99 39 funds
687 526 49 39 for
767 526 43 39 its
841 526 99 39 work,
972 537 69 29 was
1080 537 61 29 one
1180 525 35 40 of
1250 525 54 40 the

313 578 161 41 specially
504 577 237 42 discouraging
771 577 65 42 and
867 577 112 42 trying
1009 577 144 42 features
1186 576 34 42 of
1248 576 55 43 the

312 629 195 39 enterprise.
566 629 171 39 Ministers
756 639 84 29 were
858 629 89 39 often
972 629 81 39 loth,
1073 629 65 39 and
1164 633 56 36 not
1245 639 57 30 un¬

310 681 179 39 naturally,
509 684 33 36 to
561 681 45 39 let
624 680 55 39 the
699 680 135 39 Singers
851 680 69 39 into
938 680 86 39 their
1047 680 125 39 choirs;
1200 679 63 40 and
1281 678 24 41 if

309 732 81 40 they
412 741 84 30 gave
519 731 93 41 them
645 731 56 41 the
732 741 58 30 use
825 731 35 41 of
888 730 86 42 their
1006 731 162 41 churches
1201 730 49 42 for
1281 741 19 30 a

309 783 108 39 praise
447 782 159 40 meeting,
624 782 81 40 they
736 782 195 40 sometimes
966 782 133 40 showed
1132 793 19 29 a
1185 786 114 36 strong

306 833 196 31 inclination
534 837 34 27 to
600 834 78 30 take
717 833 88 31 their
844 843 72 21 own
957 837 90 27 seats
1081 843 123 29 among
1241 833 56 39 the

306 885 160 30 audience
492 885 65 30 and
582 895 81 20 near
684 884 56 31 the
765 885 97 30 door!

349 936 68 29 But
444 936 63 30 Mr.
525 936 146 30 White's
695 935 71 40 grip
792 946 87 29 upon
903 935 53 40 his
981 945 141 30 purpose
1146 945 68 30 was
1237 939 57 36 not

306 987 103 39 easily
426 987 167 39 loosened,
613 987 64 39 and
695 987 40 39 he
753 987 133 39 learned
909 991 33 35 to
967 987 45 39 let
1035 998 84 28 none
1144 986 34 40 of
1199 986 94 40 those

304 1037 115 39 things
445 1047 93 29 move
563 1037 81 39 him,
670 1038 156 39 knowing
848 1038 73 39 that
945 1038 57 39 the
1028 1038 207 39 enthusiasm
1261 1037 34 40 of

303 1088 95 30 these
423 1088 162 39 doubting
606 1089 123 39 friends
752 1089 83 39 after
855 1089 56 38 the
934 1089 124 39 service
1080 1099 69 28 was
1171 1089 119 39 almost

301 1149 76 20 sure
396 1143 33 27 to
447 1140 38 30 be
504 1140 33 30 in
555 1140 100 30 about
672 1150 41 20 an
732 1140 129 30 inverse
885 1140 84 30 ratio
986 1144 33 26 to
1036 1140 87 30 their
1140 1143 148 36 expecta¬

300 1190 89 30 tions
406 1189 108 31 before
531 1190 36 30 it.

342 1240 132 39 During
499 1241 93 39 these
620 1242 80 39 days
726 1241 35 39 of
785 1242 201 39 experiment
1019 1242 64 38 and
1114 1241 76 39 trial
1222 1242 62 39 Mr.

297 1292 115 31 White
438 1302 69 21 was
530 1292 117 31 loaded
669 1292 94 31 down
789 1292 79 31 with
893 1293 57 30 the
974 1293 89 30 work
1087 1293 35 30 of
1142 1296 33 27 at
1200 1293 84 30 least

294 1342 74 30 four
384 1353 87 20 men.
514 1343 39 30 In
572 1344 95 30 other
684 1344 199 38 enterprises
900 1344 34 38 of
947 1343 67 39 this
1032 1344 177 38 sort—and
1229 1344 54 38 the

295 1404 91 20 same
411 1394 78 39 plan
513 1404 69 30 was
606 1393 194 40 afterwards
821 1394 101 39 found
945 1397 33 36 to
1005 1394 38 39 be
1068 1394 156 39 essential
1248 1398 33 36 to

291 1445 57 30 the
366 1445 123 39 largest
507 1455 134 29 success
658 1445 35 39 of
713 1445 56 39 the
785 1445 130 41 Jubilee
933 1445 204 41 Singers—it
1155 1445 28 41 is
1206 1455 74 30 con¬

291 1496 129 31 sidered
444 1506 179 29 necessary
643 1500 33 35 to
700 1497 83 39 have
807 1506 18 29 a
847 1496 152 39 business
1017 1506 168 29 manager,
1204 1496 74 39 who

287 1546 72 41 lays
377 1551 57 36 out
451 1547 57 40 the
527 1551 106 36 route,
651 1546 95 41 visits
764 1557 35 30 or
816 1547 215 40 corresponds
1053 1547 79 40 with
1155 1546 122 41 editors

287 1598 65 30 and
369 1597 111 40 public
498 1608 87 30 men,
602 1597 66 40 and
684 1607 155 30 arranges
856 1596 56 41 the
929 1597 132 40 general
1079 1597 76 40 plan
1174 1596 34 41 of
1221 1597 56 40 the

286 1648 189 39 campaign.
522 1647 97 40 Then
648 1658 42 30 an
719 1649 146 39 advance
897 1652 99 36 agent
1026 1658 80 30 goes
1136 1647 139 40 forward

285 1699 65 30 and
368 1704 77 34 puts
462 1699 94 39 these
573 1698 96 39 plans
687 1698 31 39 in
737 1698 180 39 operation,
930 1698 97 39 while
1045 1698 51 39 his
1113 1699 162 39 alternate

284 1749 234 39 accompanies
540 1749 56 39 the
622 1753 115 36 troupe
761 1753 33 36 to
819 1749 75 39 take
920 1760 42 29 up
986 1749 55 39 the
1060 1749 132 39 tickets,
1210 1760 65 30 pay

283 1800 57 30 the
358 1800 85 37 bills,
463 1800 64 37 and
546 1800 75 37 look
644 1800 84 36 after
749 1800 57 36 the
828 1800 118 36 details
972 1800 34 36 of
1024 1801 56 36 the
1104 1801 167 39 evening's

282 1856 248 34 management.
577 1851 28 39 A
622 1851 139 39 musical
780 1851 142 39 director
938 1862 156 28 arranges
1118 1851 55 39 the
1199 1862 70 28 pro¬

279 1911 162 29 gramme,
462 1902 92 39 drills
578 1902 57 38 the
660 1902 136 39 singers,
816 1903 65 38 and
897 1912 145 29 answers
1059 1902 56 39 the
1133 1902 138 39 rattling

277 1953 109 39 volley
424 1952 35 39 of
503 1952 171 40 questions
713 1953 81 39 from
834 1952 132 40 curious
1004 1953 63 39 and
1107 1951 164 41 admiring

276 2001 135 30 friends.
459 2003 73 29 And
549 2002 108 30 where
676 2001 195 39 schoolgirls
888 2012 53 29 are
962 2002 33 39 in
1020 2003 55 38 the
1093 2012 173 30 company,
