1725 2400
627 316 123 35 JULIA
773 315 199 36 JACKSON.

1261 322 34 29 97

303 397 87 30 their
418 407 120 30 money
564 408 69 29 was
662 396 44 40 all
729 407 95 30 gone,
843 396 60 40 she
926 398 108 39 would
1061 398 90 39 leave
1180 398 113 39 school

305 450 64 30 and
393 459 41 30 go
457 453 36 36 to
516 449 90 40 work
629 448 83 41 until
736 459 91 30 some
846 459 90 30 more
952 460 69 29 was
1039 450 99 39 saved
1156 460 54 29 up,
1230 450 65 39 and

305 501 59 31 she
390 501 97 31 could
513 505 113 27 return
649 504 34 28 to
708 500 59 33 her
789 500 138 33 studies.
975 501 66 32 She
1065 501 75 39 paid
1165 501 48 39 for
1236 500 58 40 her

303 552 123 31 tuition
459 553 42 40 by
534 552 123 41 service
690 551 33 42 in
756 552 63 42 Mr.
848 552 148 42 White's
1026 552 115 41 family
1175 557 57 36 out
1263 552 35 41 of

305 604 113 31 school
436 604 112 36 hours,
569 604 63 36 and
649 603 79 38 took
750 602 33 39 in
805 603 152 39 washing
973 603 119 39 during
1107 603 185 39 vacations.

349 657 101 30 From
493 655 178 31 childhood
711 654 58 32 she
818 654 66 33 had
922 665 19 21 a
980 655 64 31 fine
1083 654 103 38 voice,
1230 654 64 38 and

306 707 169 40 delighted
502 707 33 40 in
564 706 144 41 singing.
756 707 67 40 But
848 705 59 42 her
931 706 140 41 mother,
1095 705 78 42 with
1197 705 96 42 judg¬

306 763 90 26 ment
422 769 37 20 as
483 769 71 20 rare
579 768 36 21 as
641 758 24 31 it
688 768 69 21 was
780 757 90 37 wise,
891 757 64 37 and
972 757 81 37 with
1076 757 88 37 what
1187 768 107 27 seems

306 821 75 19 now
398 810 122 30 almost
537 809 66 32 like
619 809 174 40 prophetic
816 808 170 41 foresight,
1005 808 142 41 steadily
1163 808 132 41 refused

306 866 33 27 to
358 862 96 30 allow
472 862 57 30 her
546 865 34 27 to
598 861 74 40 sing
689 861 33 40 in
740 861 120 40 choirs,
879 870 36 31 or
937 870 42 31 on
1003 860 95 41 other
1123 860 171 41 occasions

306 913 109 30 where
440 913 93 30 there
556 912 109 31 would
689 912 39 32 be
753 912 123 39 danger
908 911 34 40 of
970 911 242 40 overstraining
1237 910 58 41 her

306 965 104 37 voice,
429 975 36 27 or
480 969 33 33 to
532 964 44 38 let
594 964 59 38 her
669 963 76 39 take
762 963 128 39 lessons
903 962 33 40 in
953 962 93 40 vocal
1065 962 127 40 culture
1209 962 84 40 from

308 1017 153 30 teachers
481 1016 71 31 who
575 1015 107 39 might
700 1014 39 40 do
757 1014 24 41 it
798 1014 106 41 harm.
954 1014 20 41 "
989 1013 84 42 Save
1097 1023 82 31 your
1202 1013 91 42 voice

309 1068 64 30 and
391 1079 63 30 you
472 1077 77 31 may
570 1067 84 42 have
672 1077 18 32 a
708 1065 124 44 chance
849 1069 32 39 to
900 1064 39 45 do
957 1074 90 35 some
1065 1064 86 45 good
1168 1064 80 45 with
1267 1064 24 45 it

309 1131 91 20 some
426 1119 95 40 day,"
547 1118 57 41 she
628 1116 109 42 would
762 1126 68 33 say.
879 1116 66 43 But
969 1115 24 44 it
1017 1115 108 44 surely
1148 1115 64 44 had
1234 1119 56 40 not

310 1171 135 31 entered
468 1170 70 32 into
561 1169 75 33 that
660 1167 183 36 unlettered
867 1166 249 36 freedwoman's
1140 1165 93 37 heart
1257 1170 33 33 to

310 1222 154 32 conceive
504 1221 74 33 how
615 1218 90 36 much
741 1218 84 40 good
858 1217 25 41 it
914 1227 68 30 was
1020 1221 33 37 to
1086 1216 39 42 do
1164 1220 34 38 to
1236 1215 55 42 the

309 1273 186 32 thousands
514 1272 110 33 whom
649 1271 24 34 it
698 1269 60 36 has
783 1268 117 37 stirred
921 1268 80 37 with
1026 1267 168 38 Christian
1212 1276 90 30 song~

309 1337 41 19 on
369 1325 79 31 both
466 1323 87 33 sides
570 1323 34 33 of
618 1322 56 34 the
691 1332 66 24 sea.

351 1376 120 42 Jennie
487 1385 69 33 was
581 1384 61 34 one
666 1372 35 46 of
720 1372 56 46 the
796 1371 81 47 girls
894 1370 123 48 chosen
1033 1370 42 48 by
1093 1370 63 48 Mr.
1176 1369 115 49 White

309 1433 33 26 to
366 1428 74 40 sing
462 1438 18 30 a
505 1426 69 42 solo
600 1429 33 39 at
657 1424 51 44 his
732 1423 72 45 first
828 1425 132 42 concert
977 1422 33 46 in
1028 1421 182 47 Nashville,
1230 1421 63 47 and

309 1480 58 30 she
394 1479 60 31 has
481 1479 82 32 been
587 1476 81 35 with
693 1475 57 36 the
771 1474 129 42 Jubilee
926 1472 135 44 Singers
1085 1472 31 44 in
1142 1472 42 44 all
1209 1471 85 45 their

308 1530 90 31 work
414 1530 90 32 since
521 1528 79 40 they
617 1527 70 41 first
705 1525 55 43 left
778 1525 97 43 home
893 1524 33 45 in
945 1524 91 45 1871.

351 1635 108 41 Julia
474 1633 155 42 Jackson
651 1638 69 37 was
742 1628 79 48 born
839 1637 18 39 a
874 1626 90 50 slave
981 1625 33 51 in
1032 1626 49 50 St.
1100 1623 113 52 Louis,
1232 1624 57 51 but

310 1685 33 30 in
369 1683 93 32 what
485 1692 79 30 year
591 1680 60 41 she
678 1679 78 42 does
783 1681 57 40 not
869 1677 106 45 know,
995 1686 36 36 as
1056 1674 87 47 their
1170 1678 123 43 master

310 1737 78 39 kept
405 1734 87 42 their
509 1743 89 33 ages.
647 1731 71 45 Her
742 1733 134 43 parents
901 1727 161 49 belonged
1085 1730 34 46 to
1144 1725 149 51 different

310 1797 139 26 owners,
478 1785 59 38 but
567 1783 108 40 before
708 1781 161 42 marriage
897 1779 80 45 they
1003 1777 177 46 bargained
1213 1776 80 47 with

309 1839 87 31 their
424 1840 141 30 masters
594 1834 50 36 for
674 1833 88 36 their
787 1833 91 37 time,
906 1830 141 39 secretly
1074 1829 156 41 agreeing
1260 1833 34 37 to

310 1900 78 21 save
407 1890 43 32 all
467 1889 80 37 they
563 1886 96 40 could
677 1885 63 41 and
757 1884 65 42 buy
839 1881 86 45 their
942 1881 144 45 freedom
1105 1890 36 36 as
1158 1889 78 37 soon
1257 1888 36 38 as

310 1941 156 43 possible.
515 1938 71 45 Her
614 1936 158 48 mother's
798 1939 123 45 master
949 1932 86 51 lived
1062 1935 57 48 out
1148 1929 34 54 of
1204 1935 89 48 town

310 1992 65 36 ?md
401 2001 94 28 came
522 1989 33 39 in
583 1988 88 41 daily
699 1992 32 37 to
757 1986 52 43 his
834 1983 162 45 business.
1044 1982 66 47 She
1124 1980 119 48 agreed
1259 1983 35 45 to
