1725 2400
942 291 51 26 230

477 375 94 20 mous
589 363 144 31 extent."
746 366 8 28 1
787 364 31 30 It
837 363 28 32 is
883 362 32 33 in
932 361 56 33 the
1005 363 117 31 nature
1141 358 34 36 of
1188 356 114 40 things
1324 354 65 42 and
1407 354 55 42 the

477 415 84 30 facts
579 415 33 30 of
628 415 57 30 the
704 418 136 36 system.

524 465 150 39 Nothing
706 474 61 30 can
791 464 39 40 be
857 472 89 32 more
972 465 72 39 true
1073 459 83 45 than
1181 458 57 46 the
1275 455 186 49 following:

480 516 18 13 "
516 516 30 29 It
571 515 27 30 is
621 515 49 30 for
699 514 57 30 the
792 513 115 39 people
941 512 33 40 of
1007 510 155 42 England
1187 508 65 44 and
1282 507 57 45 the
1371 507 94 45 other

481 567 93 34 great
598 562 143 39 nations,
760 562 103 39 under
888 561 56 40 the
968 558 147 42 blessing
1142 558 64 43 and
1231 567 109 34 power
1364 556 34 45 of
1422 567 40 34 an

483 612 186 38 overruling
702 612 212 39 Providence,
939 614 34 36 to
997 609 40 41 do
1067 608 99 42 much
1191 611 33 39 at
1250 607 56 43 the
1333 612 131 39 present

482 663 79 30 time
580 667 33 25 to
631 662 112 30 decide
760 661 67 31 this
840 664 93 36 great
951 659 164 41 question.
1149 658 112 42 When
1279 659 56 41 the
1352 658 114 42 people

483 723 54 20 are
562 713 101 38 really
687 711 32 39 in
744 715 141 36 earnest,
913 711 243 39 Governments
1183 714 53 37 act
1252 721 6 30 :
1284 709 138 42 without
1447 721 18 30 a

483 762 136 39 healthy
632 762 109 39 public
753 761 133 40 opinion
897 761 121 40 behind
1029 762 102 39 them,
1146 765 180 36 statesmen
1341 760 127 41 neither

484 817 54 26 act
573 823 60 20 nor
661 813 83 30 have
778 813 57 30 the
868 823 108 29 power
999 816 33 36 to
1061 812 40 40 do
1129 813 69 39 so."
1243 812 72 40 The
1340 812 125 40 people,

485 864 171 38 therefore,
672 868 88 33 must
778 864 39 37 be
834 864 182 38 instructed
1031 863 48 39 for
1092 874 18 27 a
1127 863 87 39 right
1232 863 97 39 stand
1353 863 32 39 in
1410 863 56 39 the

486 919 135 33 matter;
642 915 64 36 and
717 915 72 36 who
805 925 60 27 can
877 915 56 37 fail
947 918 33 33 to
998 915 39 37 be
1051 914 137 38 aroused
1206 914 64 38 and
1287 913 33 39 in
1336 918 129 33 earnest

487 963 96 30 when
600 964 56 30 the
673 964 84 30 facts
774 964 33 30 in
825 964 56 30 the
899 974 75 21 case
992 974 54 21 are
1062 963 99 31 noted
1173 963 12 31 ?

530 1014 186 40 According
741 1020 33 35 to
803 1015 59 39 Dr.
888 1014 226 40 Livingstone,
1143 1013 52 42 Sir
1220 1014 113 41 Bartle
1358 1014 109 41 Frere,

489 1065 64 30 and
589 1065 94 30 other
714 1065 240 40 distinguished
981 1065 206 40 authorities,
1218 1069 57 36 not
1300 1066 65 39 less
1388 1065 81 39 than

491 1126 171 28 1,000,000
683 1116 33 38 of
738 1116 187 39 Ethiopia's
941 1116 165 39 wretched
1127 1116 147 39 children
1292 1127 54 29 are
1363 1116 105 39 stolen

489 1179 96 29 every
604 1179 78 30 year
707 1173 55 36 out
791 1168 33 40 of
849 1167 85 41 their
957 1179 72 30 own
1059 1172 138 36 country
1214 1167 48 41 for
1285 1167 57 41 the
1367 1168 102 40 slave-

491 1224 103 26 marts
612 1219 33 31 of
660 1220 55 30 the
732 1219 112 31 world.
881 1218 89 32 That
987 1218 80 32 such
1086 1230 18 21 a
1121 1219 100 31 crime
1239 1219 27 31 is
1283 1219 186 39 permitted,

491 1272 31 30 in
547 1271 66 30 this
642 1270 192 31 nineteenth
863 1275 147 35 century,
1035 1269 48 40 for
1111 1281 18 29 a
1157 1269 105 40 single
1289 1281 87 30 year,
1402 1270 27 40 is
1454 1281 18 30 a

490 1322 141 40 burning
661 1322 114 40 shame
807 1326 34 36 to
875 1321 56 41 the
964 1320 146 42 civilised
1146 1321 142 41 nations.
1344 1322 126 40 Surely,

492 1374 154 39 England
669 1373 63 40 and
751 1372 152 41 America
929 1372 117 41 should
1074 1372 104 41 sound
1199 1372 87 41 forth
1314 1372 86 41 their
1428 1383 43 30 re

491 1424 171 40 probation
685 1424 33 40 of
746 1423 24 41 it
792 1423 202 41 throughout
1023 1423 56 41 the
1100 1423 102 41 world
1224 1434 36 30 as
1286 1423 142 41 through
1455 1434 18 30 a

491 1477 120 30 brazen
639 1475 164 39 trumpet!
853 1474 111 40 Doing
987 1475 75 39 less,
1087 1485 48 30 we
1155 1485 60 29 can
1239 1475 117 39 hardly
1371 1474 102 40 vindi

492 1531 72 27 cate
582 1537 58 21 our
659 1536 152 21 common
827 1525 217 40 Christianity
1057 1525 107 40 before
1181 1526 56 39 the
1254 1526 110 39 world,
1377 1526 99 39 much

492 1579 65 30 less
575 1578 108 31 before
699 1577 79 39 high
798 1578 148 39 Heaven.

535 1629 72 30 The
633 1629 211 30 Freedmen's
870 1628 158 31 Missions
1045 1628 60 31 Aid
1134 1628 132 41 Society
1293 1629 60 40 has
1388 1633 92 36 great

494 1680 155 31 facilities
679 1679 48 32 for
761 1679 99 39 doing
889 1679 99 39 much
1023 1680 48 39 for
1102 1679 109 39 Africa
1245 1680 143 40 through
1419 1680 56 39 the

494 1731 174 31 American
702 1730 198 41 Missionary
931 1730 219 41 Association,
1185 1735 33 36 to
1249 1731 108 39 which
1391 1731 25 39 it
1452 1731 27 39 is

495 1781 171 39 auxiliary,
690 1780 119 40 which,
836 1781 32 39 in
892 1781 55 39 the
973 1782 132 39 opinion
1131 1782 34 39 of
1188 1782 56 39 the
1269 1782 130 40 highest
1424 1794 54 29 au

495 1832 135 39 thority,
651 1831 27 40 is
705 1831 145 40 believed
876 1836 33 36 to
933 1832 38 39 be
995 1833 18 38 "
1026 1833 253 41 providentially
1302 1833 104 40 called
1428 1834 52 39 be

495 1883 87 39 yond
606 1882 42 40 all
673 1882 111 40 others
813 1887 33 36 to
871 1883 56 39 the
951 1887 92 35 great
1068 1884 187 38 endeavour
1278 1885 34 37 of
1336 1885 145 39 training

495 1933 151 30 teachers
673 1932 63 31 and
765 1932 225 31 missionaries
1017 1934 48 30 for
1090 1935 143 31 Africa."
1279 1935 84 31 This
1392 1947 87 20 asso

497 1983 120 30 ciation
642 1994 68 19 was
734 1983 216 40 anti-slavery
973 1984 82 39 from
1082 1985 55 39 the
1164 1986 82 37 first,
1272 1988 64 36 and
1363 1988 24 36 it
1412 1999 68 24 was

497 2034 70 31 first
590 2034 31 30 in
642 2033 56 32 the
723 2034 75 31 field
823 2034 48 31 for
887 2034 55 30 the
968 2035 157 40 teaching
1150 2037 34 39 of
1205 2037 56 38 the
1286 2038 195 37 Freedmen.

708 2103 7 13 1
732 2100 81 26 "The
831 2101 64 26 Lost
911 2102 170 26 Continent."
1117 2104 22 32 J.
1158 2104 114 35 Cooper.
