1725 2400
449 335 33 26 72

705 327 83 26 THE
807 323 179 36 JUBILEE
1005 320 182 39 SINGERS.

448 417 151 30 followed
616 416 42 38 by
675 425 41 29 an
733 412 130 42 inquiry
880 410 156 44 meeting,
1052 413 32 41 at
1098 407 107 47 which
1225 416 90 38 some
1333 414 98 40 seven

450 467 147 30 hundred
615 465 99 33 asked
730 465 49 33 for
795 471 126 30 prayer.

493 516 91 29 After
608 516 56 29 the
689 515 238 36 engagements
952 510 33 41 of
1007 510 55 42 the
1088 508 135 43 Singers
1248 506 78 45 took
1342 504 91 47 them

453 578 93 28 away
563 567 82 39 from
661 565 61 41 Mr.
744 563 132 43 Moody,
896 560 198 46 missionary
1111 558 63 48 and
1193 557 123 49 revival
1335 560 100 46 meet¬

452 618 73 39 ings
542 627 84 30 were
643 614 186 42 frequently
846 612 75 45 held
939 622 41 34 on
999 611 153 45 Sundays
1171 621 8 36 ;
1205 608 64 48 and
1293 612 33 45 at
1342 606 92 50 them

454 669 63 30 and
535 672 33 27 at
586 664 267 41 Sunday-school
870 662 192 43 gatherings
1087 662 63 43 Mr.
1169 660 184 45 Dickerson
1372 657 64 48 and

455 720 61 29 Mr.
537 717 221 39 Rutling—as
773 715 73 40 well
871 725 35 30 as
929 714 62 41 Mr.
1010 712 114 43 White
1143 711 63 44 and
1231 711 62 44 Mr.
1314 709 123 46 Pike—

454 770 87 30 often
560 768 96 32 made
673 767 183 33 addresses.

496 822 147 40 January
674 818 142 45 brought
849 828 18 34 a
898 828 78 35 very
1006 815 94 48 whirl
1132 814 34 48 of
1195 813 90 49 work
1316 812 64 51 and
1419 822 19 41 a

455 873 132 30 harvest
605 870 34 32 of
660 879 129 29 money,
809 868 32 40 in
864 867 195 42 connection
1077 866 80 42 with
1182 865 56 43 the
1262 862 174 46 campaign

456 922 142 39 through
610 922 54 39 the
678 920 144 42 midland
837 918 159 43 counties.
1035 918 182 44 Wherever
1230 915 56 46 the
1304 914 135 48 Singers

456 977 86 27 went
567 973 79 38 they
675 975 66 36 met
770 970 150 41 crowded
948 969 121 42 houses
1102 972 33 39 at
1166 966 86 45 their
1277 968 160 43 concerts.

459 1026 102 38 Many
578 1021 238 42 subscriptions
833 1030 84 33 were
940 1020 96 44 made
1059 1023 35 40 to
1116 1017 128 47 furnish
1261 1026 120 37 rooms,
1408 1020 31 44 at

458 1086 18 19 a
494 1078 70 27 cost
582 1074 34 31 of
637 1074 67 39 £10
722 1072 91 41 each,
831 1071 32 42 in
888 1071 129 42 Jubilee
1043 1069 90 44 Hall.
1182 1069 62 44 Mr.
1266 1066 176 47 Frederick

459 1125 197 35 Priestman,
675 1122 128 39 though
819 1121 153 40 carrying
987 1120 57 41 the
1062 1130 92 31 cares
1167 1119 34 42 of
1215 1129 41 32 an
1275 1118 167 43 extensive

459 1176 152 30 business
629 1174 33 32 of
676 1174 51 32 his
750 1184 83 27 own,
853 1171 178 39 interested
1052 1170 135 40 himself
1205 1170 32 40 in
1262 1169 180 42 perfecting

460 1229 250 37 arrangements
738 1225 48 41 for
817 1235 18 31 a
866 1223 127 43 private
1025 1226 132 40 concert
1196 1224 33 42 at
1269 1219 171 47 Bradford,

460 1278 108 30 which
586 1287 67 21 was
678 1287 35 21 so
730 1275 74 32 well
828 1274 189 38 worked-up
1043 1273 73 39 that
1140 1272 24 40 it
1188 1272 128 40 yielded
1341 1271 100 41 £150,

462 1329 52 29 Sir
530 1327 96 31 Titus
645 1327 82 36 Salt,
742 1326 73 38 who
830 1335 67 28 was
911 1324 120 39 unable
1043 1328 33 36 to
1090 1325 38 39 be
1143 1326 143 37 present,
1306 1322 138 42 sending

462 1380 79 39 £25.
591 1378 114 42 Under
721 1377 54 42 the
795 1381 180 39 patronage
993 1374 33 45 of
1050 1376 81 44 Rev.
1150 1374 147 45 Eustace
1316 1373 130 47 Conder

464 1431 63 30 and
555 1428 142 32 Edward
720 1428 135 36 Baines,
883 1428 93 39 Esq.,
1005 1426 99 40 M.P.,
1140 1425 55 41 the
1218 1425 70 42 first
1312 1428 132 39 concert

464 1485 33 26 at
515 1480 118 36 Leeds,
652 1479 33 36 in
702 1490 19 26 a
738 1479 179 39 pecuniary
933 1477 92 41 point
1043 1476 34 42 of
1094 1476 92 42 view,
1203 1485 69 33 was
1288 1475 55 43 the
1358 1479 87 39 most

465 1530 180 32 successful
673 1540 60 22 one
762 1539 35 23 so
825 1529 49 33 far
899 1529 72 33 that
997 1527 65 35 had
1089 1527 82 35 been
1203 1526 96 39 given
1329 1526 32 39 in
1389 1526 57 39 the

462 1582 168 39 kingdom.
676 1581 42 40 At
745 1581 147 41 Halifax,
917 1580 88 42 John
1029 1578 163 43 Crossley,
1224 1578 93 44 Esq.,
1344 1577 102 45 M.P.,

464 1634 54 30 the
542 1637 92 35 great
659 1635 111 36 carpet
795 1631 255 41 manufacturer,
1077 1629 138 42 pledged
1239 1639 18 33 a
1279 1628 117 44 supply
1419 1628 33 44 of

464 1688 130 35 carpets
621 1684 48 39 for
690 1683 128 41 Jubilee
853 1682 90 42 Hall.
993 1681 71 42 One
1090 1680 34 44 cf
1150 1680 57 43 the
1231 1680 120 43 results
1377 1679 33 45 of
1431 1689 18 34 a

468 1734 121 30 second
615 1733 76 32 visit
719 1737 33 27 to
781 1734 81 31 Hull
882 1743 68 22 was
974 1732 56 33 the
1059 1731 236 41 presentation,
1320 1731 48 40 for
1395 1730 56 42 the

466 1785 122 38 library
614 1783 33 40 of
675 1783 56 40 the
759 1782 202 41 University,
986 1782 34 41 of
1049 1794 18 30 a
1092 1783 64 40 fine
1183 1782 42 41 oil
1252 1782 138 42 portrait
1421 1782 33 42 of

466 1834 228 36 Wilberforce,
722 1833 183 39 purchased
936 1833 145 39 through
1113 1843 18 30 a
1159 1833 222 39 subscription
1410 1833 42 39 by

465 1887 56 30 the
540 1885 147 36 citizens,
707 1895 18 27 a
742 1887 166 34 memento
926 1884 33 38 of
972 1883 55 39 the
1044 1884 129 39 Jubilee
1191 1884 90 39 work
1293 1885 73 38 that
1383 1884 68 39 will

466 1938 123 39 always
603 1937 38 39 be
651 1935 76 41 held
741 1935 32 42 in
786 1934 78 42 high
876 1935 127 42 regard.
1041 1933 72 43 The
1127 1935 89 42 Hon.
1227 1935 88 41 John
1331 1935 120 41 Bright

465 1997 69 21 was
567 1987 115 30 absent
714 1986 82 32 from
828 1985 96 33 home
956 1984 96 33 when
1084 1984 56 33 the
1173 1984 135 40 Singers
1333 1986 117 38 visited
