1725 2400
428 329 31 32 58

679 330 84 24 THE
783 329 180 34 JUBILEE
981 329 183 34 SINGERS.

96 1737 9 12 .

425 414 112 30 tained
562 426 39 20 us
629 415 80 30 with
737 414 87 31 their
850 414 180 32 wonderful
1062 415 118 30 music.
1237 415 89 30 First
1358 426 49 20 we

425 464 64 32 had
517 466 106 42 'John
657 466 144 42 Brown.'
849 466 13 42 I
896 475 98 33 never
1020 465 101 43 heard
1152 465 93 42 them
1278 465 74 42 sing
1383 466 25 42 it

426 526 36 20 as
485 516 79 40 they
586 516 54 39 did
663 516 185 40 yesterday.
894 516 30 40 It
941 526 69 30 was
1027 519 57 37 not
1101 516 57 41 the
1176 516 105 41 music
1299 517 106 39 alone,

424 566 57 30 but
498 567 57 30 the
572 567 143 30 features
732 567 34 30 of
780 567 56 30 the
857 566 126 39 singers
1001 567 70 39 also
1089 567 108 39 which
1215 567 96 39 made
1329 567 25 38 it
1372 578 36 27 so

423 615 204 40 impressive.
674 616 102 39 Their
792 627 75 30 eyes
884 617 147 40 flashed;
1056 617 87 40 their
1159 622 248 35 countenances

423 667 69 30 told
516 667 33 30 of
573 678 174 21 reverence
780 668 63 30 and
871 667 58 40 joy
960 668 65 39 and
1056 669 166 39 gratitude
1253 672 34 35 to
1320 669 85 38 God.

423 717 108 32 Never
567 719 85 30 shall
685 719 15 30 I
733 718 104 40 forget
877 720 63 39 Mr.
982 719 213 39 Gladstone's
1233 724 84 36 rapt,
1350 732 54 28 en¬

422 769 177 31 thusiastic
625 770 175 30 attention.
850 770 64 30 His
940 771 82 31 form
1051 781 69 21 was
1149 771 76 31 bent
1251 772 150 37 forward,

421 820 51 30 his
498 831 75 30 eyes
600 831 84 30 were
717 821 144 40 riveted;
897 822 43 39 all
967 822 56 39 the
1055 822 147 39 intellect
1234 823 64 38 and
1331 824 72 37 soul

420 871 33 30 of
474 871 51 31 his
549 876 91 36 great
665 876 116 36 nature
801 873 130 39 seemed
955 873 174 39 expressed
1148 873 33 39 in
1198 873 51 39 his
1267 878 134 34 counte¬

420 933 103 21 nance
535 933 8 26 ;
573 923 63 36 and
658 923 94 36 when
777 923 77 40 they
872 923 64 40 had
958 924 141 39 finished
1119 924 39 39 he
1177 924 76 39 kept
1272 925 129 39 saying,

421 974 6 13 '
444 973 83 30 Isn't
552 973 24 30 it
604 973 179 30 wonderful
799 975 11 29 ?
860 975 13 29 I
895 984 98 21 never
1020 974 101 31 heard
1146 975 163 39 anything
1337 976 63 39 like

419 1023 63 31 it!'
527 1023 72 30 The
615 1024 125 37 tender,
758 1023 152 40 thrilling
926 1024 107 39 words
1054 1025 63 39 and
1136 1025 105 39 music
1259 1026 34 38 of
1314 1027 6 36 '
1338 1026 63 37 Oh,

418 1074 72 31 how
509 1074 14 30 I
542 1074 71 30 love
629 1074 98 41 Jesus
742 1074 5 41 !
764 1075 5 40 '
787 1074 141 41 brought
945 1079 88 36 tears
1056 1079 33 36 to
1112 1075 57 40 the
1191 1086 75 30 eyes
1293 1077 34 39 of
1345 1077 56 39 the

417 1125 170 38 listeners;
625 1125 64 37 and
723 1125 95 38 when
851 1125 80 40 they
956 1126 110 39 closed
1090 1126 81 39 with
1196 1127 55 39 the
1279 1128 119 37 Lord's

418 1176 129 39 Prayer,
582 1176 42 39 all
650 1176 56 39 the
739 1187 172 29 company,
946 1177 51 39 led
1029 1178 42 39 by
1104 1178 62 39 Mr.
1197 1178 197 39 Gladstone,

416 1228 183 39 reverently
623 1227 93 39 stood
740 1227 80 39 with
845 1227 114 39 bowed
976 1228 102 39 heads
1095 1229 32 38 in
1146 1229 154 40 worship.

459 1279 105 40 "Just
587 1278 107 41 before
712 1278 130 41 leaving
865 1278 56 41 the
939 1289 102 30 room,
1059 1279 78 40 they
1157 1290 93 29 sang,
1269 1281 129 38 'Good¬

414 1329 70 39 bye,
503 1329 146 39 brother;
668 1329 171 39 good-bye,
858 1329 126 39 sister;'
1004 1329 108 39 which
1132 1335 87 34 went
1242 1335 33 33 to
1302 1342 97 30 every

414 1380 104 31 heart.
563 1381 45 30 As
632 1380 149 31 brothers
813 1380 64 30 and
909 1380 124 38 sisters,
1062 1380 56 37 the
1152 1381 147 36 Premier
1330 1384 66 33 and

415 1431 78 30 Mrs.
513 1431 193 36 Gladstone,
723 1431 81 37 with
830 1431 86 37 their
939 1436 125 35 guests,
1083 1432 83 39 bade
1194 1433 91 38 them
1313 1434 82 36 fare¬

413 1482 82 30 well.
543 1482 30 30 It
591 1492 67 20 was
672 1482 70 39 just
759 1492 86 29 noon
863 1482 95 39 when
975 1493 48 28 we
1041 1484 117 39 passed
1176 1484 144 40 through
1338 1485 56 39 the

411 1533 78 38 hall,
507 1533 108 38 where
633 1533 124 38 several
779 1543 136 29 persons
939 1543 86 29 were
1048 1534 137 40 waiting
1209 1545 41 29 on
1275 1536 120 39 official

411 1584 151 30 business
587 1587 34 27 to
650 1594 53 20 see
731 1583 56 31 the
813 1584 155 38 Premier,
993 1584 84 37 who,
1104 1585 180 39 doubtless,
1311 1587 83 37 from

411 1635 72 30 that
506 1635 80 30 time
610 1634 49 31 till
684 1635 66 30 late
776 1638 33 27 at
834 1635 94 39 night
952 1646 68 27 was
1045 1635 174 41 anxiously
1236 1638 159 39 occupied

409 1686 78 30 with
507 1686 108 39 public
633 1686 119 39 affairs,
771 1686 57 39 but
846 1686 111 39 whose
982 1687 153 39 morning
1150 1698 68 28 was
1236 1689 96 39 given
1351 1700 42 29 up

408 1738 33 26 to
459 1734 51 30 his
527 1745 99 28 negro
644 1734 121 39 friends
783 1734 79 39 with
881 1735 81 38 such
980 1735 185 38 heartiness
1189 1737 64 36 and
1274 1737 120 36 leisure

408 1785 33 30 of
462 1785 100 36 mind,
582 1785 72 36 that
679 1796 18 25 a
723 1790 150 34 stranger
897 1786 105 39 might
1029 1798 142 29 suppose
1197 1788 40 39 he
1261 1800 79 27 was,
1362 1790 34 37 of

408 1836 42 30 all
489 1839 141 36 present,
670 1836 56 39 the
765 1846 60 30 one
861 1837 111 39 whose
1011 1838 80 38 time
1121 1849 69 27 was
1222 1845 87 31 most
1341 1842 52 34 his

408 1888 105 30 own."

450 1938 243 40 Subsequently
718 1938 63 40 Mr.
800 1938 181 41 Gladstone
1000 1943 72 36 sent
1090 1940 92 39 them
1200 1952 19 27 a
1236 1942 153 36 valuable

405 1994 131 35 present
558 1989 33 39 of
612 1989 101 39 books
736 1989 48 39 for
807 1989 56 39 the
890 1989 192 42 University
1106 1991 141 42 library;
1272 2004 36 30 as
1336 1994 54 39 did
