1725 2400
488 384 47 18 102

738 375 84 24 THE
841 372 179 35 JUBILEE
1038 369 184 38 SINGERS.

489 465 50 27 set
557 461 67 31 him
642 465 34 27 to
694 459 91 33 work
807 456 135 38 making
961 454 57 39 the
1039 451 111 42 stocks
1174 450 49 43 for
1242 449 56 45 the
1323 447 151 47 muskets

488 512 74 30 that
585 520 84 21 were
690 507 119 34 turned
831 510 57 31 out
912 505 48 36 for
979 504 56 37 the
1064 501 167 40 Southern
1257 508 104 33 army.
1410 495 64 46 His

488 561 102 31 wife's
607 560 149 32 mistress
770 567 67 24 was
851 553 234 39 hard-hearted
1100 552 63 39 and
1179 547 295 45 quick-tempered.

490 612 91 30 Once
603 621 36 20 or
660 609 96 33 twice
783 608 59 33 she
866 604 183 39 attempted
1070 607 33 36 to
1125 601 145 42 chastise
1295 600 180 44 America's

490 662 141 30 mother.
690 660 67 32 But
787 659 55 33 the
870 657 236 36 slave-woman
1133 654 65 39 had
1218 652 70 40 just
1316 662 36 30 as
1377 651 99 42 much

491 711 93 40 spirit
617 711 63 40 and
712 720 89 31 more
836 708 149 44 strength
1017 706 81 45 than
1131 705 58 47 her
1220 704 160 48 mistress,
1412 702 63 50 and

492 762 139 31 resisted
663 760 216 41 punishment
912 759 80 42 with
1024 757 81 44 such
1138 765 132 36 success
1308 754 73 47 that
1419 753 57 48 the

491 815 97 30 latter
621 823 68 21 was
727 811 179 33 thereafter
946 808 129 40 obliged
1113 811 33 37 to
1178 810 134 39 content
1344 804 131 45 herself,

490 865 96 30 when
618 864 142 39 enraged
792 867 33 36 at
857 861 86 42 their
974 859 139 44 mother,
1145 858 80 45 with
1256 856 138 47 visiting
1419 855 59 48 her

490 915 105 31 wrath
615 925 86 29 upon
719 915 56 39 the
793 912 159 42 children.
1012 912 91 42 Once
1120 909 58 45 she
1197 909 112 45 struck
1326 906 152 48 America

492 978 19 20 a
527 966 85 31 blow
633 966 73 32 that
732 964 95 33 made
848 975 18 23 a
888 961 153 39 bleeding
1065 960 83 40 gash
1173 959 90 42 quite
1286 968 112 33 across
1421 957 57 44 the

491 1017 82 30 face.
620 1016 73 32 The
712 1014 147 33 children
876 1023 84 24 were
980 1023 34 25 so
1032 1012 62 36 fair
1119 1011 32 37 in
1177 1008 207 41 complexion
1405 1008 72 41 that

492 1065 87 31 their
611 1064 150 32 mistress
793 1062 192 34 sometimes
1017 1060 112 36 talked
1167 1059 35 36 of
1237 1059 119 38 selling
1392 1057 87 39 their

495 1115 139 37 mother,
662 1115 64 37 and
753 1113 159 40 adopting
943 1111 64 42 and
1038 1110 153 43 bringing
1223 1120 42 33 up
1296 1109 180 44 America's

492 1167 134 31 brother
651 1176 36 21 as
710 1165 58 33 her
789 1175 71 23 own
882 1174 69 24 son.
999 1161 201 36 Afterwards
1225 1161 57 37 she
1306 1161 69 37 sold
1399 1160 78 38 both

495 1217 131 31 mother
669 1217 63 31 and
776 1215 146 33 children
963 1218 34 30 to
1035 1213 57 35 the
1131 1223 76 25 man
1252 1212 73 36 who
1365 1210 114 38 owned

495 1269 182 31 America's
702 1266 117 33 father.

537 1320 72 30 The
626 1317 268 42 neighbourhood
912 1317 33 42 of
967 1315 240 43 Murfreesboro
1224 1325 69 33 was
1309 1314 55 45 the
1383 1324 96 34 scene

495 1371 34 31 of
556 1382 90 21 some
678 1371 34 32 of
739 1369 56 33 the
828 1369 126 33 hottest
984 1367 142 40 fighting
1158 1367 34 40 of
1219 1366 57 41 the
1305 1377 78 30 war,
1416 1366 63 41 and

495 1432 121 30 among
631 1421 181 41 America's
838 1419 90 42 early
948 1417 228 45 recollections
1203 1416 27 45 is
1258 1417 57 45 the
1341 1428 137 34 remem

495 1474 120 30 brance
645 1473 34 32 of
714 1471 84 33 balls
828 1470 171 39 whistling
1029 1469 69 40 into
1137 1468 87 41 their
1259 1468 91 41 yard,
1383 1468 95 41 when

494 1525 57 30 the
568 1523 211 33 skirmishers
797 1522 35 33 of
852 1521 57 34 the
924 1525 66 30 two
1011 1520 120 36 armies
1150 1524 67 32 met
1237 1519 33 36 in
1292 1520 57 36 the
1370 1523 108 33 town;

495 1577 34 30 of
543 1575 113 38 seeing
672 1585 75 28 men
771 1574 79 39 drop
877 1572 83 41 from
986 1571 87 42 their
1094 1571 114 42 horses
1232 1581 36 33 as
1287 1570 57 43 the
1367 1571 112 42 sharp

496 1627 150 30 shooters
672 1625 117 41 picked
819 1625 93 41 them
943 1623 45 42 off
1020 1622 98 44 while
1147 1622 81 44 they
1257 1632 86 33 were
1374 1622 109 44 riding

495 1678 144 39 through
667 1677 57 40 the
753 1680 120 37 streets
888 1686 7 30 ;
932 1675 34 42 of
994 1674 57 42 the
1080 1684 75 33 men
1182 1673 162 44 wounded
1369 1673 32 44 in
1425 1673 56 44 the

495 1728 201 30 memorable
725 1727 104 31 battle
858 1726 34 32 of
921 1726 102 32 Stone
1051 1725 111 36 River,
1180 1724 74 38 who
1282 1725 87 37 filled
1396 1724 86 38 their

496 1779 84 30 little
607 1779 114 36 house,
739 1777 87 38 rebel
853 1776 64 39 and
946 1776 137 39 Federal
1113 1776 68 39 side
1208 1776 42 39 by
1272 1775 68 40 side
1364 1775 33 40 in
1425 1775 56 40 the

496 1839 90 21 same
603 1839 101 27 room,
723 1827 87 38 their
832 1827 53 38 old
906 1826 126 39 enmity
1049 1827 165 39 forgotten
1234 1826 33 39 in
1287 1826 87 39 their
1389 1830 92 35 truce

496 1881 35 30 of
551 1879 76 39 pain
645 1878 64 40 and
727 1878 110 41 death.

540 1932 39 29 In
595 1931 56 30 the
669 1929 167 39 changing
852 1929 147 39 fortunes
1017 1928 35 40 of
1074 1938 69 30 war
1163 1928 56 40 the
1239 1929 111 39 Union
1368 1934 113 36 troops

497 1980 180 32 evacuated
693 1980 57 32 the
766 1983 99 32 town,
885 1979 63 36 and
966 1979 180 36 America's
1161 1979 110 36 father
1294 1980 109 35 seized
1425 1982 57 33 the

496 2031 213 40 opportunity
734 2034 33 36 to
793 2040 40 30 go
861 2029 80 42 with
967 2028 91 42 them
1085 2034 33 37 to
1146 2029 157 42 freedom.
1351 2032 52 39 By
1425 2032 57 39 the
