1725 2400
462 387 33 30 78
712 381 83 36 THE
815 378 178 39 JUBILEE
1012 373 182 44 SINGERS.

810 791 222 33 CHAPTER
1056 789 61 35 IX.

706 888 75 24 the
805 886 134 26 second
963 885 82 27 trip
1068 882 149 30 abroad.

474 970 40 30 In
537 969 79 39 1875
635 966 81 41 Fisk
741 964 193 43 University
956 960 186 47 completed
1161 959 44 48 its
1228 958 72 49 first
1324 954 134 53 decade.

476 1020 130 39 During
636 1019 57 39 the
718 1021 56 37 ten
801 1026 96 33 years
921 1011 185 47 thousands
1137 1011 34 48 of
1200 1018 113 40 young
1343 1007 116 51 people

474 1071 65 29 had
564 1071 82 30 been
667 1067 159 40 gathered
851 1065 33 42 in
909 1065 42 42 its
981 1063 135 44 classes.
1164 1062 48 45 Its
1238 1059 165 48 students,
1428 1058 33 49 in

475 1126 87 31 turn,
580 1119 66 38 had
670 1117 118 40 taught
812 1121 75 36 tens
912 1115 33 42 of
966 1112 185 45 thousands
1171 1111 33 46 in
1227 1110 149 48 Sabbath
1397 1108 65 49 and

476 1173 63 38 day
553 1170 142 41 schools,
714 1165 285 45 communicating
1018 1164 49 47 far
1083 1164 64 47 and
1168 1161 84 49 wide
1269 1170 122 41 among
1406 1160 57 51 the

476 1222 87 30 freed
590 1220 114 40 people
737 1220 43 40 its
806 1216 156 44 uplifting
990 1215 192 45 influences.
1230 1213 31 47 It
1291 1212 65 48 had
1389 1221 74 39 con¬

478 1273 120 40 quered
615 1272 57 42 the
688 1274 128 39 respect
840 1269 34 45 of
893 1267 96 46 those
1011 1266 73 47 who
1101 1266 107 48 began
1232 1263 43 50 by
1291 1263 118 51 hating
1426 1262 36 51 it.

479 1326 31 30 It
537 1323 65 32 had
634 1321 126 40 opened
791 1325 34 36 to
857 1320 56 42 the
945 1317 105 45 vision
1082 1317 35 45 of
1141 1320 74 42 vast
1247 1314 156 47 numbers
1434 1312 34 49 of

479 1374 153 32 coloured
650 1373 115 40 people
783 1381 72 32 new
872 1368 213 45 possibilities
1104 1368 34 45 of
1160 1366 169 47 Christian
1344 1365 120 48 attain¬

480 1430 90 27 ment
588 1425 64 32 and
670 1423 112 39 manly
800 1422 240 40 achievement.
1086 1420 31 42 It
1134 1418 66 44 had
1217 1416 249 46 demonstrated

478 1479 56 30 the
552 1476 153 40 capacity
721 1475 35 41 of
776 1473 72 42 that
868 1471 150 45 despised
1036 1481 73 35 race
1128 1470 48 45 for
1193 1480 18 36 a
1228 1468 80 48 high
1326 1467 139 48 culture.

482 1530 30 29 It
529 1528 65 31 had
617 1526 106 33 raised
746 1536 43 29 up
808 1525 54 39 the
879 1523 130 42 Jubilee
1033 1521 145 43 Singers,
1196 1519 75 45 who
1294 1518 65 46 had
1383 1518 84 46 done

480 1583 92 36 great
596 1578 114 42 things
733 1577 50 42 for
804 1575 87 45 their
914 1574 115 45 people
1052 1573 33 46 in
1110 1571 159 48 breaking
1294 1570 107 49 down,
1426 1570 43 49 by

480 1632 55 30 the
554 1629 108 40 magic
680 1628 33 41 of
734 1626 87 42 their
839 1636 92 33 song,
949 1626 57 43 the
1030 1624 90 45 cruel
1145 1622 167 47 prejudice
1336 1621 132 48 against

481 1682 112 30 colour
610 1680 72 33 that
705 1689 68 24 was
791 1677 207 41 everywhere
1023 1676 32 42 in
1076 1674 153 43 America
1244 1674 57 44 the
1323 1677 145 41 greatest

482 1733 34 30 of
537 1732 42 31 all
609 1731 198 33 hindrances
834 1732 34 31 to
897 1728 87 36 their
1007 1728 263 36 advancement;
1305 1725 75 38 who
1404 1724 66 39 had

482 1782 105 30 raised
610 1781 57 32 the
687 1790 119 28 money
822 1784 33 34 to
879 1779 66 39 buy
960 1789 18 29 a
1001 1788 72 30 new
1096 1777 62 41 site
1181 1777 48 41 for
1253 1776 57 42 the
1332 1776 138 42 Univer¬

483 1834 74 36 sity,
576 1832 63 39 and
657 1835 87 36 erect
768 1840 41 30 on
828 1830 24 41 it
870 1840 18 30 a
906 1828 202 42 substantial
1127 1828 64 42 and
1215 1827 161 43 beautiful
1403 1827 67 44 hall

483 1889 33 25 to
534 1883 75 31 take
626 1882 57 32 the
699 1881 93 38 place
810 1879 36 40 of
864 1879 57 40 the
945 1878 160 41 tottering
1125 1878 146 42 hospital
1296 1878 174 42 barracks;

485 1934 63 30 and
585 1932 73 32 who
692 1929 94 35 stood
824 1939 41 25 on
897 1928 57 36 the
990 1927 173 37 threshold
1198 1928 35 36 of
1269 1929 42 36 its
1350 1929 122 35 second

485 1984 123 30 decade
634 1993 36 21 as
699 1981 43 33 its
769 1979 121 40 special
918 1979 64 40 and
1011 1977 219 42 providential
1262 1979 144 40 reliance
1438 1980 33 39 in

486 2034 112 39 laying
612 2034 57 40 the
686 2030 194 44 foundation
897 2029 35 45 of
951 2029 43 45 its
1011 2029 125 45 needed
1153 2029 239 45 endowments.
