1725 2400
410 347 28 25 A
458 348 219 28 LECTURER
696 351 131 26 LOSES
844 353 74 25 HIS
934 353 224 29 AUDIENCE.
1248 364 32 28 35

288 437 101 36 town,
423 436 102 36 asked
556 437 57 36 the
646 444 96 36 party
765 444 34 36 to
828 441 77 39 take
928 442 82 38 from
1035 443 42 37 its
1103 444 173 40 catalogue

288 486 171 33 whatever
486 489 104 39 goods
621 490 57 39 the
708 492 195 41 University
930 493 106 40 might
1068 495 93 38 need.
1208 495 72 39 The

290 537 150 33 Meriden
474 540 178 33 Britannia
678 543 58 31 Co.
768 554 82 30 gave
875 544 92 39 them
999 556 18 27 a
1041 546 59 38 full
1124 547 96 36 outfit
1251 548 33 36 of

289 589 101 32 silver
420 602 87 20 ware
539 592 50 31 for
611 593 57 31 the
702 594 222 41 dining-hall;
962 597 140 37 another
1133 598 147 36 Meriden

289 641 74 31 firm
381 643 212 31 contributed
610 654 60 30 gas
687 645 137 39 fixtures
836 657 8 27 ;
870 647 63 37 and
953 659 18 25 a
988 648 166 39 president
1173 650 34 38 of
1219 660 60 27 one

290 693 35 30 of
338 693 57 31 the
414 693 150 31 Meriden
582 695 107 30 banks
708 700 72 27 sent
798 698 90 30 word
912 698 72 30 that
1003 698 96 31 while
1117 699 40 31 he
1184 701 96 30 could

289 747 58 26 not
366 744 103 31 invite
486 745 92 30 them
597 750 34 27 to
648 747 75 30 take
742 758 36 19 as
801 748 100 30 much
919 759 36 19 as
978 749 79 40 they
1074 750 106 39 might
1198 752 81 37 need

289 795 83 30 from
390 795 57 30 the
467 796 99 38 bank,
585 801 54 36 yet
659 798 25 39 if
699 798 79 40 they
794 798 109 40 would
921 800 63 39 call
1002 800 40 39 he
1059 801 108 37 would
1185 802 96 36 make

290 847 92 30 them
401 858 19 20 a
437 852 134 34 present
589 849 34 38 of
635 847 99 39 $100.

334 899 135 30 Several
487 900 191 39 gentlemen
693 900 32 39 in
741 900 234 41 Birmingham
993 903 208 39 contributed
1217 902 63 41 $50

291 950 81 30 each
390 954 34 27 to
442 951 36 30 fit
496 961 43 30 up
558 961 19 30 a
595 952 19 39 "
628 951 234 41 Birmingham
884 953 189 39 Recitation
1092 955 106 36 Room
1213 955 16 36 "
1248 955 33 36 in

289 1002 57 30 the
365 1013 73 20 new
455 1002 162 40 building.
664 1004 42 39 At
718 1003 55 39 the
789 1008 132 35 concert
938 1005 33 38 in
985 1005 212 40 Waterbury,
1216 1010 64 36 two

290 1054 192 39 gentlemen
507 1059 74 35 sent
605 1065 42 29 up
671 1053 86 42 ,$200
771 1066 7 28 ;
805 1055 64 39 and
893 1055 56 39 the
978 1056 252 38 contributions,
1248 1056 32 38 in

291 1105 81 30 cash
395 1106 65 30 and
483 1106 182 37 valuables,
693 1109 33 34 at
754 1105 57 38 the
840 1110 133 33 concert
995 1106 33 37 in
1054 1107 82 36 New
1161 1108 117 35 Haven

288 1156 183 31 amounted
488 1161 33 27 to
543 1155 97 42 $500.

333 1209 90 30 Here
453 1212 33 26 at
514 1209 84 30 New
621 1209 119 30 Haven
767 1209 57 30 the
854 1209 207 31 enthusiasm
1092 1209 131 30 seemed
1247 1213 33 27 to

288 1260 100 30 touch
408 1259 204 40 high-water
625 1260 104 39 mark.
777 1259 81 40 Two
876 1260 34 39 of
924 1260 56 39 the
997 1260 162 39 principal
1173 1260 107 39 hotels

288 1312 65 30 had
372 1312 151 30 declined
540 1316 34 27 to
591 1311 165 31 entertain
775 1311 56 31 the
859 1311 135 40 Singers
1019 1322 41 30 on
1086 1314 139 37 account
1250 1311 33 40 of

288 1364 87 30 their
399 1363 123 31 colour.
570 1362 72 32 The
666 1363 66 31 fact
758 1362 136 32 became
920 1362 110 40 public
1055 1362 144 40 through
1223 1362 57 40 the

288 1425 129 30 papers,
438 1415 65 40 and
532 1425 91 30 some
646 1414 34 41 of
708 1413 56 42 the
790 1413 142 42 families
961 1413 34 42 of
1017 1413 132 42 highest
1178 1413 101 42 social

288 1467 146 40 position
464 1466 33 41 in
523 1465 57 42 the
609 1465 68 42 city
696 1469 33 38 at
758 1475 81 32 once
869 1464 125 43 opened
1016 1464 85 43 their
1124 1464 95 43 doors
1247 1467 33 39 to

288 1518 127 31 receive
441 1517 105 32 them.
607 1515 105 33 Their
747 1519 132 30 concert
908 1525 68 24 was
1008 1515 195 34 announced
1233 1514 47 35 for

290 1569 180 40 Thursday
498 1567 154 42 evening.
699 1568 51 41 By
776 1565 157 44 Tuesday
964 1564 153 45 morning
1149 1564 42 45 all
1223 1563 56 45 the

289 1620 163 31 desirable
493 1623 90 28 seats
623 1628 85 23 were
748 1617 81 34 sold.
901 1617 81 34 Rev.
1021 1615 116 39 Henry
1175 1614 103 40 Ward

289 1671 151 31 Beecher
467 1680 69 22 was
565 1668 186 34 advertised
776 1668 48 35 for
851 1677 19 25 a
895 1667 123 36 lecture
1042 1676 41 27 on
1107 1665 57 37 the
1188 1675 90 27 same

290 1724 108 39 night.
447 1723 67 40 But
532 1721 93 42 there
637 1731 69 33 was
720 1730 34 33 so
768 1719 86 45 little
867 1718 141 45 demand
1021 1718 49 45 for
1086 1717 57 46 the
1158 1716 120 47 tickets

289 1776 75 30 that
389 1773 207 40 Thursday's
620 1782 119 31 papers
764 1770 198 42 announced
986 1770 72 43 that
1082 1769 55 44 the
1155 1768 124 45 lecture

288 1827 110 31 would
416 1826 39 32 be
473 1824 148 34 deferred
645 1833 42 24 on
712 1826 141 32 account
876 1821 34 37 of
931 1821 57 37 the
1014 1819 152 39 concert!
1216 1818 62 39 Mr.

291 1878 150 31 Beecher
463 1875 158 35 attended
644 1875 57 35 the
726 1877 132 33 concert
881 1872 63 37 and
969 1871 96 39 made
1089 1881 60 29 one
1174 1869 34 40 of
1228 1869 51 41 his

289 1929 168 32 felicitous
490 1926 170 41 speeches.
714 1925 51 42 No
792 1934 61 33 one
876 1933 69 33 was
971 1920 195 46 apparently
1190 1929 88 37 more

291 1980 170 40 delighted
479 1978 81 42 than
586 1977 41 43 he
651 1977 74 43 that
751 1985 18 35 a
794 1974 62 45 day
873 1973 65 47 had
960 1982 91 38 come
1070 1971 32 49 in
1119 1970 73 50 that
1209 1969 69 51 uni

289 2031 210 41 versity-city
521 2028 96 43 when
643 2037 18 34 a
687 2035 163 36 company
873 2024 33 48 of
931 2022 87 49 freed
1042 2022 89 50 slave
1154 2021 125 51 singers

774 2077 54 35 4*
