1725 2400
488 360 31 24 32
742 351 84 34 THE
844 347 180 38 JUBILEE
1043 343 183 42 SINGERS.

486 441 130 27 concert
645 436 32 32 in
701 436 56 32 the
783 432 108 36 Music
918 430 91 38 Hall,
1036 429 32 39 in
1094 425 198 43 connection
1315 423 81 45 with
1419 421 55 47 the

487 488 121 30 annual
634 484 183 34 Methodist
837 481 165 37 Reunion,
1027 480 62 39 Mr.
1110 477 150 41 Beecher
1283 477 102 42 wrote
1404 476 34 42 to
1456 480 18 38 a

488 540 124 27 Boston
642 534 104 33 friend
762 545 6 22 :
811 534 18 33 "
845 531 94 37 They
971 528 66 40 will
1070 528 114 40 charm
1211 535 64 33 any
1302 522 171 47 audience,

487 595 72 20 sure
574 595 7 25 ;
606 584 79 37 they
693 581 95 40 make
806 578 86 43 their
908 576 95 45 mark
1020 576 42 45 by
1072 574 113 47 giving
1197 572 57 49 the
1269 572 7 49 1
1289 570 186 51 spirituals'

488 632 63 30 and
579 629 185 40 plantation
790 627 121 42 hymns
937 635 36 34 as
999 624 77 45 only
1098 622 79 47 they
1200 630 62 39 can
1290 619 75 50 sing
1385 618 90 51 them

489 681 72 29 who
591 680 96 30 know
712 678 74 33 how
813 681 33 30 to
876 675 81 39 keep
985 673 81 41 time
1092 677 34 37 to
1155 683 18 31 a
1199 669 153 45 master's
1377 669 97 45 whip.

489 732 69 29 Our
575 729 114 41 people
711 729 84 42 have
819 727 82 43 been
927 723 203 47 delighted."
1176 721 75 49 And
1269 721 33 49 in
1319 732 19 39 a
1353 720 123 50 lecture

488 781 108 31 which
613 781 41 31 he
669 778 163 34 delivered
849 777 33 35 in
897 777 126 36 Boston
1038 774 71 40 just
1122 773 109 42 before
1242 772 87 42 their
1347 772 131 42 coming

491 834 62 28 Mr.
581 831 149 32 Beecher
751 828 79 35 took
855 827 154 36 occasion
1035 829 35 33 to
1098 825 112 38 advise
1236 822 185 41 everybody
1443 826 32 37 to

491 883 125 30 attend.

535 935 57 29 Dr.
613 933 120 39 Cuyler
746 935 101 37 wrote
861 933 33 39 to
913 930 57 42 the
989 928 83 44 New
1089 927 90 45 York
1197 926 134 46 Tribune
1348 925 33 47 of
1395 926 84 46 then-

492 988 129 26 concert
641 983 32 31 in
690 983 51 31 his
759 981 135 37 church,
913 980 57 38 the
995 979 176 39 Lafayette
1188 978 135 40 Avenue
1344 977 135 41 Presby

492 1034 116 36 terian,
642 1032 34 37 of
706 1032 188 39 Brooklyn:
937 1032 20 39 "
971 1031 14 39 I
1017 1038 100 32 never
1150 1039 67 31 saw
1251 1038 18 32 a
1301 1027 176 43 cultivated

494 1082 168 38 Brooklyn
693 1080 207 40 assemblage
927 1089 35 31 so
990 1078 118 42 moved
1136 1077 64 42 and
1229 1076 122 44 melted
1379 1078 101 42 under

493 1132 56 30 the
567 1130 201 39 magnetism
786 1129 34 40 of
842 1128 107 41 music
966 1128 120 42 before.
1134 1128 72 42 The
1224 1128 75 41 wild
1325 1128 154 41 melodies

494 1182 34 31 of
549 1182 95 32 these
672 1179 232 40 emancipated
936 1179 109 40 slaves
1073 1179 144 40 touched
1248 1180 57 39 the
1329 1179 93 40 fount
1449 1179 35 40 of

495 1239 98 33 tears,
610 1233 64 39 and
692 1231 209 41 grey-haired
927 1241 75 31 men
1019 1235 87 37 wept
1123 1230 63 42 like
1212 1230 83 42 little
1320 1230 156 42 children.

494 1284 102 30 Their
618 1282 181 33 wonderful
823 1282 75 33 skill
924 1292 69 23 was
1017 1286 59 36 put
1098 1285 34 36 to
1160 1282 57 39 the
1244 1286 142 36 severest
1414 1286 63 36 test

494 1336 95 30 when
613 1336 79 39 they
716 1333 186 42 attempted
928 1335 7 41 '
952 1335 120 41 Home,
1093 1333 108 42 Sweet
1221 1334 130 42 Home,'
1373 1333 106 42 before

495 1387 146 32 auditors
658 1386 74 33 who
750 1386 66 33 had
833 1385 102 34 heard
951 1386 96 33 those
1066 1395 90 24 same
1175 1385 183 34 household
1376 1384 103 35 words

495 1440 82 30 from
594 1439 57 31 the
668 1438 63 40 lips
748 1437 34 42 of
801 1437 111 41 Jenny
930 1435 86 43 Lind
1034 1437 64 42 and
1124 1436 138 42 Parepa.
1308 1436 63 42 Yet
1389 1436 91 42 these

495 1489 231 40 emancipated
759 1488 232 41 bond-women
1059 1498 73 31 now
1171 1488 73 42 that
1283 1487 78 42 they
1386 1486 94 43 know

495 1542 88 31 what
611 1542 57 31 the
693 1540 89 33 word
806 1539 98 33 home
933 1538 351 40 signifiesrendered
1308 1538 73 40 that
1405 1540 77 38 dear

495 1593 52 31 old
565 1603 83 28 song
663 1592 81 39 with
762 1602 18 29 a
803 1601 110 30 power
937 1590 64 42 and
1026 1590 120 42 pathos
1170 1599 100 32 never
1294 1588 185 43 surpassed.

495 1644 106 30 Allow
624 1654 53 21 me
702 1647 34 27 to
760 1641 146 40 bespeak
930 1652 19 30 a
972 1641 168 41 universal
1158 1641 157 41 welcome
1338 1640 142 42 through

495 1695 55 29 the
575 1693 107 31 North
713 1693 49 31 for
796 1693 93 31 these
923 1692 102 38 living
1056 1692 277 39 representatives
1365 1692 34 39 of
1426 1692 55 39 the

495 1743 76 39 only
594 1747 72 36 true
695 1742 110 41 native
833 1742 112 41 school
978 1742 35 41 of
1040 1742 174 41 American
1244 1743 117 40 music.
1419 1743 62 40 We

495 1794 82 28 have
611 1793 78 37 long
720 1791 130 39 enough
883 1791 64 39 had
981 1791 42 39 its
1062 1802 113 28 coarse
1216 1794 201 36 caricatures
1449 1793 32 37 in

496 1842 117 32 corked
645 1841 110 36 faces;
790 1851 60 26 our
881 1841 115 37 people
1029 1851 61 27 can
1123 1851 74 27 now
1230 1842 99 36 listen
1361 1848 34 30 to
1427 1844 55 34 the

497 1891 141 40 genuine
663 1889 194 42 soul-music
885 1889 34 42 of
941 1890 55 42 the
1025 1890 88 41 slave
1140 1891 125 40 cabins,
1288 1893 109 38 before
1427 1895 55 36 the

496 1942 86 30 Lord
601 1941 51 31 led
671 1940 63 32 His
753 1939 146 33 children
921 1939 7 33 '
942 1942 56 30 out
1017 1938 35 33 of
1065 1939 55 33 the
1140 1939 77 33 land
1232 1941 34 31 of
1281 1942 123 40 Egypt,
1424 1949 57 33 out

495 1994 34 28 of
541 1992 56 30 the
614 1992 103 30 house
735 1989 34 33 of
783 1989 148 37 bondage
943 1988 26 39 '!
984 1987 17 39 "
