1725 2400
480 367 45 18 ii2
729 357 83 27 THE
831 352 178 36 JUBILEE
1026 348 183 40 SINGERS.

483 441 163 30 intention
664 440 35 32 of
711 436 180 37 returning.
939 435 68 39 But
1023 435 34 38 to
1074 429 52 44 his
1144 428 144 45 surprise
1305 427 42 46 he
1362 426 102 48 found

483 492 39 30 he
540 492 64 30 had
622 492 63 30 lost
702 488 51 34 his
771 486 99 36 relish
886 484 49 38 for
951 483 56 39 the
1030 485 68 37 sort
1121 480 33 42 of
1176 479 55 43 life
1253 478 74 44 that
1349 477 41 45 he
1412 476 52 46 led

484 543 95 29 when
603 538 148 38 working
766 536 33 40 in
816 535 57 41 the
891 534 70 42 iron
980 532 81 44 mill.
1110 531 54 45 He
1179 528 67 48 had
1263 527 66 49 had
1345 537 20 39 a
1377 530 89 46 taste

485 591 34 29 of
547 588 189 38 something
766 585 117 40 better,
909 583 64 42 and
1005 585 33 40 at
1065 581 57 45 the
1147 578 180 48 beginning
1353 576 35 49 of
1412 577 56 48 the

486 644 75 26 next
583 642 84 27 term
684 636 41 33 he
742 645 68 24 was
832 633 99 39 ready
950 637 35 36 to
1004 635 124 38 return,
1144 630 82 43 with
1248 628 57 45 the
1328 638 141 35 purpose

487 690 34 30 of
549 687 129 40 getting
708 696 19 31 a
759 685 84 42 good
869 682 187 45 education.
1104 681 64 46 His
1197 680 129 48 mother
1353 679 117 48 helped

487 739 68 30 him
573 750 18 20 a
608 738 96 36 little,
717 737 60 37 but
794 736 41 38 he
851 745 69 29 was
937 734 121 40 mostly
1074 732 186 42 dependent
1274 741 42 33 on
1329 730 53 44 his
1398 741 72 33 own

489 790 110 30 efforts
615 789 48 32 for
680 790 145 36 support,
839 786 63 41 and
920 786 88 41 often
1026 783 140 43 reached
1182 783 56 44 the
1256 782 91 45 point
1363 781 108 45 where

489 841 24 30 it
533 840 130 31 seemed
680 839 73 32 that
771 838 41 33 he
829 840 89 30 must
943 837 72 39 give
1041 846 42 30 up
1108 834 51 41 his
1185 834 135 42 studies.
1369 833 67 42 But
1454 843 19 32 a

491 889 266 42 Sunday-school
774 889 86 42 class
879 888 33 43 in
930 886 111 45 Elgin,
1062 885 138 46 Illinois,
1218 885 57 47 the
1299 885 53 47 old
1376 883 96 48 home

492 943 34 30 of
540 953 60 20 one
618 942 34 31 of
671 941 57 32 the
746 940 126 33 officers
895 939 34 34 of
948 939 57 34 the
1025 936 204 40 University,
1248 935 138 41 pledged
1404 934 68 42 him

492 1004 18 19 a
542 993 104 30 dollar
677 1002 19 21 a
726 990 92 33 week
849 990 64 33 and
944 989 40 34 he
1017 987 120 36 earned
1170 986 43 37 $6
1245 997 18 26 a
1287 985 116 38 month
1434 986 41 39 by

495 1043 129 39 ringing
643 1041 58 40 the
728 1041 123 41 college
878 1040 65 42 bell
966 1038 49 43 for
1044 1039 57 42 the
1130 1038 118 44 hourly
1272 1036 201 45 recitations,

496 1094 63 30 and
578 1092 141 40 keeping
735 1102 42 30 up
795 1091 56 41 the
870 1090 75 42 fires
961 1089 32 42 in
1011 1089 55 42 the
1085 1089 179 43 dormitory
1280 1087 143 45 furnace.

537 1144 113 30 When
677 1143 50 32 far
752 1142 129 39 enough
911 1140 168 40 advanced
1103 1140 33 40 in
1161 1140 99 40 study
1274 1143 35 37 to
1329 1140 97 41 teach
1443 1140 32 41 in

495 1195 56 30 the
585 1204 153 21 common
768 1192 142 37 schools,
939 1192 40 37 he
1011 1195 87 34 went
1122 1196 33 33 to
1183 1190 200 40 Mississippi
1412 1191 63 39 and

497 1246 118 39 taught
638 1246 49 39 for
702 1245 73 41 four
791 1243 146 42 months.
984 1243 64 42 His
1066 1242 108 43 salary
1191 1242 34 43 of
1243 1240 65 45 $50
1327 1253 18 33 a
1362 1242 114 44 month

497 1297 132 31 seemed
652 1301 33 27 to
703 1296 68 33 him
790 1295 64 33 like
873 1305 18 23 a
907 1294 147 36 fortune;
1081 1293 57 37 but
1155 1293 93 38 when
1263 1293 39 37 he
1320 1297 55 35 got
1392 1293 82 39 back

496 1353 33 26 to
547 1347 172 32 Nashville
732 1347 42 33 he
786 1346 101 33 found
903 1345 73 34 that
987 1344 51 35 his
1050 1345 111 36 board,
1177 1344 115 37 travel,
1309 1344 63 37 and
1385 1344 93 38 other

497 1398 217 33 unavoidable
729 1407 159 30 expenses
906 1396 64 41 had
988 1395 57 42 left
1062 1395 68 42 him
1148 1396 57 41 but
1224 1394 64 43 $70
1305 1399 56 38 out
1379 1395 33 42 of
1425 1395 51 42 his

498 1452 96 37 $200,
613 1450 63 39 and
693 1449 84 39 from
794 1449 72 40 that
883 1448 42 41 he
941 1447 66 42 had
1023 1451 33 38 to
1074 1450 55 39 get
1146 1450 33 39 at
1191 1457 80 32 once
1284 1457 19 32 a
1319 1457 72 32 new
1407 1451 70 38 out

497 1503 36 30 fit
550 1502 33 31 of
598 1500 159 39 clothing.
814 1500 39 40 In
873 1500 78 40 1875
969 1497 41 42 he
1028 1498 57 42 left
1101 1497 51 42 his
1171 1497 125 42 studies
1314 1501 33 39 to
1364 1507 40 33 go
1422 1501 57 39 out

497 1554 81 31 with
595 1553 56 32 the
667 1552 129 42 Jubilee
815 1551 135 42 Singers
968 1560 41 34 on
1026 1548 87 45 their
1128 1559 72 35 new
1217 1548 186 46 campaign.

541 1655 129 29 Mabel
687 1653 120 30 Lewis
829 1662 68 21 was
914 1652 92 37 born,
1030 1662 36 27 as
1083 1650 57 39 she
1160 1661 169 30 supposes,
1347 1651 33 39 in
1398 1650 82 40 New

500 1706 151 30 Orleans.
699 1705 67 31 But
789 1704 35 33 of
844 1704 59 32 her
918 1707 190 35 parentage,
1128 1703 64 39 and
1209 1703 56 39 the
1284 1702 74 40 date
1376 1702 34 40 of
1423 1703 57 39 her

498 1757 97 35 birth,
615 1756 58 36 she
690 1755 114 36 knows
822 1754 141 40 nothing
983 1755 129 39 beyond
1136 1764 105 30 vague
1260 1753 217 41 supposition.

499 1807 66 30 She
582 1806 60 32 has
656 1815 117 23 reason
790 1808 34 30 to
840 1804 97 33 think
954 1804 74 33 that
1045 1805 58 33 her
1121 1805 130 33 mother
1266 1815 69 22 was
1353 1816 19 21 a
1389 1806 88 32 slave

499 1858 63 30 and
579 1857 60 31 her
657 1856 108 32 father
782 1865 18 23 a
818 1854 231 36 slave-holder,
1068 1856 63 34 and
1155 1856 72 34 that
1245 1857 24 33 it
1287 1867 68 23 was
1372 1857 108 39 owing

498 1911 33 26 to
559 1908 55 30 the
641 1907 136 30 interest
804 1904 59 33 her
891 1904 108 33 father
1023 1904 57 33 felt
1105 1905 32 33 in
1163 1906 58 31 her
1245 1908 73 29 that
1336 1908 59 30 she
1412 1919 69 20 was

499 1963 72 24 sent
590 1956 118 36 North,
727 1956 94 36 when
839 1959 64 33 two
918 1964 96 30 years
1031 1955 63 39 old,
1114 1956 64 38 and
1195 1958 159 40 carefully
1368 1960 114 38 reared

498 2009 31 29 in
548 2019 19 19 a
589 2007 142 39 wealthy
747 2006 123 41 family.
926 2005 71 42 Her
1020 2005 132 42 earliest
1172 2010 210 37 recollection
1401 2010 29 36 is
1446 2012 35 35 of
