1725 2400
483 312 338 27 DISTINGUISHED
849 310 332 28 HOSPITALITIES.
1299 315 30 26 55

331 398 180 41 gathering
528 399 34 40 of
576 397 57 42 the
650 408 81 31 poor
747 397 64 42 and
837 396 57 42 the
920 396 86 43 lame
1023 395 110 44 whom
1158 394 41 45 he
1216 394 113 45 brings

333 454 58 27 out
409 450 84 31 from
512 450 57 32 the
587 449 151 33 crowded
756 449 141 33 London
921 450 188 31 tenements
1127 457 96 29 every
1241 456 88 30 sum¬

333 513 71 20 mer
429 502 50 30 for
507 512 19 21 a
554 501 93 41 day's
675 501 117 41 outing
819 500 104 42 under
954 499 57 42 the
1041 503 99 39 trees.
1188 498 52 43 No
1268 507 62 34 one

335 554 99 31 could
465 553 85 32 have
582 552 139 40 enjoyed
762 562 90 30 more
884 551 82 42 than
1005 550 57 42 the
1101 549 135 43 Singers
1274 549 57 44 the

335 605 216 41 opportunity
567 604 35 42 of
616 603 228 42 contributing
859 606 35 39 to
912 603 42 42 its
972 612 144 33 success.

379 658 69 30 But
465 656 57 32 the
540 659 89 29 most
647 654 244 40 distinguished
909 654 183 41 attentions
1117 654 34 41 of
1170 652 68 42 this
1261 656 68 39 sort

335 708 111 31 which
462 708 81 41 they
564 706 150 42 received
744 716 95 33 came
864 705 145 44 through
1035 704 56 45 the
1116 704 78 45 kind
1220 704 109 45 offices

336 760 35 31 of
395 761 84 30 Rev.
505 759 165 32 Newman
699 757 93 37 Hall,
810 756 34 38 in
873 756 210 39 mentioning
1108 755 57 40 the
1192 755 136 40 Singers

336 817 34 27 to
390 813 63 31 Mr.
472 811 64 33 and
556 811 81 33 Mrs.
657 809 197 35 Gladstone.
893 807 73 36 The
984 807 100 36 latter
1101 816 86 27 were
1203 810 34 34 to
1255 806 72 39 give

337 874 19 20 a
381 862 102 32 lunch
507 866 33 28 at
565 861 87 33 their
676 860 180 36 residence,
876 858 137 38 Carlton
1037 859 115 37 House
1174 856 153 40 Terrace,

338 919 33 27 to
403 915 58 31 the
495 914 119 32 Prince
646 912 64 34 and
744 911 153 35 Princess
925 909 34 36 of
987 909 126 36 Wales,
1140 909 64 37 and
1236 909 93 37 other

339 966 165 30 members
532 965 34 32 of
591 963 57 33 the
675 963 107 40 Royal
809 961 125 42 family.
980 960 72 43 The
1081 960 134 43 Singers
1243 969 84 33 were

339 1017 126 31 invited
488 1020 35 28 to
546 1016 41 32 be
612 1017 133 37 present
770 1012 64 42 and
858 1012 101 42 chant
976 1011 57 43 the
1052 1011 117 44 Lord's
1195 1011 132 43 Prayer,

339 1079 37 20 as
394 1079 19 20 a
429 1077 98 30 grace
544 1065 109 42 before
671 1064 112 43 lunch,
801 1064 64 43 and
883 1062 186 45 contribute
1093 1062 32 45 in
1150 1071 65 36 any
1236 1061 94 46 other

339 1131 75 29 way
429 1119 75 40 that
523 1116 108 43 might
649 1126 89 33 seem
756 1114 162 45 desirable
939 1117 35 42 to
995 1113 57 47 the
1072 1112 257 48 entertainment

340 1170 35 30 of
389 1170 57 30 the
463 1169 166 32 occasion.
678 1166 165 39 Standing
867 1165 33 39 in
924 1174 60 30 one
1010 1164 35 41 of
1064 1163 56 42 the
1144 1163 130 42 alcoves
1299 1163 33 42 of

339 1222 56 30 the
414 1221 234 39 dining-room,
666 1218 80 42 they
762 1216 65 44 had
844 1216 82 44 been
945 1214 205 46 unobserved
1176 1214 41 46 by
1242 1217 86 43 most

341 1273 35 30 of
389 1273 56 30 the
463 1281 164 30 company
645 1268 84 43 until
746 1268 56 43 the
821 1270 99 41 sweet
939 1266 161 45 harmony
1122 1265 34 46 of
1176 1265 73 46 that
1266 1265 63 46 fine

342 1323 184 41 Gregorian
559 1321 101 42 chant
693 1320 84 44 stole
809 1317 144 47 through
992 1317 57 46 the
1084 1326 102 37 room.
1233 1315 95 48 Then

341 1374 232 42 explanations
605 1371 119 45 passed
756 1371 84 45 from
872 1380 60 36 one
963 1372 35 43 to
1029 1368 137 48 another
1204 1367 34 48 of
1272 1366 57 49 the

341 1431 126 36 guests,
495 1425 65 42 and
590 1424 93 43 there
722 1432 67 35 was
828 1431 18 36 a
885 1419 63 48 call
979 1419 48 48 for
1057 1428 90 39 more
1187 1417 141 50 singing.

340 1478 110 39 Along
465 1476 82 40 with
571 1474 96 42 other
690 1472 120 45 pieces,
831 1471 121 45 "John
970 1469 150 48 Brown"
1137 1479 68 38 was
1221 1468 108 48 given,

341 1527 197 39 awakening
575 1526 75 41 that
690 1523 123 44 special
853 1520 208 47 enthusiasm
1103 1518 80 48 with
1221 1518 108 49 which

342 1579 146 41 English
529 1578 134 42 hearers
702 1575 82 45 have
825 1572 123 48 always
988 1569 147 51 received
1175 1569 35 51 it.
1257 1569 72 51 The

343 1632 118 31 Prince
476 1629 34 33 of
521 1628 128 36 Wales,
657 1625 134 39 looking
805 1633 76 31 over
892 1623 57 42 the
961 1621 84 43 book
1059 1620 34 44 of
1104 1630 109 34 songs,
1227 1619 105 45 called

342 1683 49 30 for
423 1681 87 32 "No
543 1689 90 24 more
666 1674 247 39 auction-block
945 1673 48 40 for
1024 1672 105 41 me;"
1159 1671 63 42 and
1251 1671 79 42 Mrs.

345 1733 185 31 Gladstone
548 1728 113 38 asked,
681 1738 36 28 as
741 1737 18 29 a
784 1725 122 42 special
929 1724 115 42 favour
1067 1727 34 39 to
1124 1722 56 44 the
1206 1721 126 45 Grand-

345 1784 156 31 Duchess
535 1782 182 33 Czarevna,
757 1778 112 38 whose
909 1774 149 42 imperial
1097 1773 237 43 father-in-law

344 1836 66 30 had
443 1832 232 40 emancipated
699 1830 56 42 the
780 1827 81 45 serfs
887 1827 33 45 in
946 1826 135 46 Russia,
1106 1825 74 47 that
1210 1823 121 49 "John

345 1888 122 30 Brown
482 1886 18 32 "
527 1884 106 39 might
661 1882 39 41 be
729 1878 165 45 repeated.
944 1876 131 47 Special
1101 1875 137 48 interest
1265 1884 69 39 was

345 1938 200 33 manifested
561 1936 32 35 in
611 1935 57 36 the
686 1932 147 40 Singers,
851 1929 64 43 and
939 1938 101 34 many
1064 1925 169 48 questions
1249 1934 84 39 were

346 1990 101 33 asked
465 1989 34 34 of
513 1987 103 38 them,
636 1985 63 40 and
717 1993 99 32 many
834 1979 223 46 encouraging
1080 1976 106 49 words
1210 1975 123 50 spoken
