1725 2400
479 380 30 18 IO

729 373 84 26 THE
832 373 179 33 JUBILEE
1030 374 183 33 SINGERS.

474 456 55 30 the
554 456 86 37 field,
658 456 78 39 they
751 466 84 30 were
860 456 179 39 convinced
1061 457 72 39 that
1158 457 67 39 this
1242 468 67 28 was
1335 467 18 29 a
1374 457 85 39 focal

474 506 91 39 point
593 507 108 39 where
727 517 18 28 a
771 511 193 34 permanent
994 507 125 38 central
1147 507 183 39 university
1356 507 104 39 ought

473 561 34 25 to
530 557 39 30 be
593 557 135 39 planted
752 557 48 39 for
816 557 55 39 the
897 557 117 39 higher
1038 557 174 39 education
1239 556 35 40 of
1296 557 57 39 the
1371 557 88 39 freed

474 608 192 38 people—to
691 607 97 39 equip
812 607 87 39 their
924 607 168 39 ministers
1119 606 64 40 and
1205 606 164 40 teachers,
1396 608 65 39 and

473 661 33 27 to
529 657 72 39 give
624 657 85 39 their
732 657 126 39 leaders
883 657 33 39 in
941 657 43 39 all
1009 657 227 39 departments
1263 657 36 40 of
1322 656 57 41 the
1407 657 53 40 life

471 717 75 21 now
573 707 142 40 opening
739 708 106 39 before
873 708 90 39 them
993 718 18 29 a
1041 708 166 39 Christian
1240 707 148 40 training
1412 707 50 40 for

446 774 9 6 -
471 758 87 32 their
572 759 100 30 work.

513 811 45 30 As
574 810 56 30 the
648 810 121 40 capital
792 810 66 40 city
876 811 34 39 of
933 810 199 40 Tennessee,
1151 810 64 40 and
1241 822 36 29 as
1296 810 57 40 the
1379 810 78 40 base

472 861 34 30 of
529 871 89 20 some
635 861 34 30 of
690 862 56 30 the
765 866 86 26 most
876 861 168 30 extensive
1062 862 63 30 and
1149 861 141 31 decisive
1310 861 147 40 military

471 911 187 40 operations
687 912 34 39 of
748 912 57 39 the
832 922 77 29 war,
945 912 171 39 Nashville
1143 922 69 29 was
1242 915 57 36 not
1332 912 78 40 only
1438 923 19 29 a

471 962 90 40 point
584 963 34 39 of
642 966 91 36 great
757 963 161 39 business,
946 962 136 41 socially
1105 963 64 39 and
1188 963 183 40 politically
1398 962 58 41 im¬

471 1016 141 36 portant,
627 1013 57 39 but
698 1013 56 39 the
768 1018 110 34 centre
891 1014 33 39 of
939 1024 18 28 a
975 1014 87 39 large
1081 1013 154 39 coloured
1249 1013 206 39 population.

471 1063 101 39 Eight
597 1064 34 39 of
654 1064 56 39 the
735 1063 142 39 thirteen
901 1063 155 39 formerly
1073 1063 246 39 slave-holding
1344 1064 113 39 States

470 1114 159 30 surround
656 1113 63 31 and
744 1113 145 39 actually
909 1113 116 39 border
1050 1124 87 29 upon
1161 1113 201 39 Tennessee,
1391 1114 65 39 and

470 1164 31 30 in
525 1164 24 30 it
570 1164 63 30 and
660 1164 91 30 them
776 1164 178 31 four-fifths
979 1164 34 30 of
1035 1164 56 31 the
1116 1164 87 30 freed
1227 1164 116 40 people
1368 1164 84 40 have

470 1214 84 30 their
570 1215 125 30 homes.

511 1264 48 31 To
585 1265 51 30 aid
663 1266 33 30 in
722 1264 141 40 starting
888 1265 80 39 such
994 1276 42 28 an
1064 1266 180 39 important
1270 1266 183 39 enterprise

468 1315 91 31 there
576 1325 94 27 were,
691 1314 260 41 providentially,
970 1320 64 36 two
1057 1315 94 40 other
1167 1315 142 40 efficient
1328 1315 123 40 friends

468 1367 33 30 of
528 1366 55 30 the
615 1366 87 30 freed
727 1366 114 40 people
869 1370 33 36 at
934 1366 278 40 hand—General
1245 1366 135 40 Clinton
1410 1367 40 39 13.

469 1417 88 36 Fisk,
590 1417 55 36 the
678 1416 242 39 distinguished
953 1416 168 39 Christian
1154 1417 120 39 soldier
1305 1417 81 39 then
1417 1416 33 39 in

468 1468 118 39 charge
615 1467 34 39 of
677 1467 55 40 the
765 1467 210 40 Freedmen's
1005 1467 132 39 Bureau
1164 1467 33 39 in
1224 1467 57 40 the
1309 1467 142 40 District

468 1518 33 30 of
530 1518 174 39 Kentucky
735 1518 63 39 and
829 1518 207 39 Tennessee;
1067 1518 64 39 and
1165 1517 171 40 Professor
1360 1518 89 40 John

468 1569 126 40 Ogden,
620 1569 152 40 formerly
801 1569 165 40 Principal
991 1568 34 41 of
1052 1569 56 40 the
1136 1568 191 41 Minnesota
1356 1569 96 40 State

468 1620 136 30 Normal
636 1620 132 37 School,
796 1620 64 36 and
891 1619 189 38 afterwards
1113 1629 42 27 an
1187 1619 111 38 officer
1329 1619 33 38 in
1394 1619 57 38 the

468 1671 110 30 Union
616 1680 102 29 army,
751 1671 57 39 but
846 1681 73 28 now
950 1670 144 39 resident
1133 1670 33 39 in
1204 1670 174 39 Nashville
1414 1680 36 29 as

465 1719 55 30 the
552 1724 98 35 agent
675 1720 34 39 of
744 1720 55 39 the
828 1721 156 38 Western
1017 1719 212 39 Freedmen's
1260 1719 63 39 Aid
1351 1719 99 39 Com¬

465 1770 148 30 mission.
674 1769 81 31 This
787 1770 124 40 society
942 1781 67 29 was
1041 1770 79 39 then
1149 1770 55 39 the
1238 1771 150 39 almoner
1419 1770 35 39 of

464 1821 89 38 large
579 1830 90 29 sums
700 1820 206 39 contributed
938 1821 42 39 by
1006 1821 141 39 English
1176 1821 123 39 friends
1326 1821 34 39 of
1389 1821 57 39 the

465 1869 180 30 Freedmen
674 1869 143 39 through
844 1869 56 39 the
928 1878 125 29 agency
1080 1869 34 39 of
1138 1869 81 39 Levi
1248 1869 116 38 Coffin,
1393 1869 57 39 the

462 1922 133 27 veteran
607 1928 155 30 manager
776 1918 34 39 of
824 1918 56 39 the
894 1919 20 39 "
931 1917 242 40 Underground
1187 1918 185 40 Railway,"
1390 1918 58 40 but

462 1979 67 20 was
548 1969 189 30 afterwards
751 1969 130 39 merged
898 1968 69 39 into
984 1968 56 39 the
1054 1968 175 39 American
1246 1968 204 41 Missionary

464 2019 219 30 Association.
