1725 2400
444 346 34 32 46

695 347 84 24 THE
798 345 179 34 JUBILEE
996 344 185 36 SINGERS.

445 433 72 30 best
549 443 146 27 manner,
728 432 64 38 and
824 435 33 35 at
889 441 19 28 a
944 440 162 30 generous
1142 429 171 42 reduction
1345 429 83 42 from

445 484 128 39 regular
590 488 99 36 rates.

487 534 112 31 While
631 532 155 40 stopping
817 535 33 37 at
882 531 56 41 the
972 530 228 42 Continental,
1226 529 56 43 the
1311 529 117 43 house¬

444 585 118 39 keeper
594 594 60 30 one
687 583 63 41 day
790 582 114 42 kindly
934 582 149 42 escorted
1115 581 56 43 the
1203 585 96 39 party
1336 591 42 33 on
1412 591 18 33 a

445 634 335 30 semi-subterranean
813 637 75 27 tour
918 633 144 39 through
1095 632 56 40 the
1191 631 135 41 kitchen
1365 631 65 41 and

444 686 93 30 other
577 684 148 40 working
765 684 227 39 departments
1033 684 33 40 of
1101 683 56 41 the
1195 687 91 37 great
1326 682 100 42 hotel.

444 736 94 40 They
561 747 84 30 were
669 735 99 41 much
794 735 177 41 interested
996 735 33 42 in
1053 734 55 42 the
1129 735 93 42 novel
1246 734 99 42 sight,
1365 733 64 43 and

444 787 99 30 asked
562 786 195 40 permission
774 790 33 36 to
833 786 101 41 invite
959 786 56 41 the
1040 785 148 42 working
1209 785 87 42 force
1317 785 33 42 of
1371 785 57 42 the

444 838 88 30 hotel
549 842 33 27 to
599 837 86 31 their
702 837 231 39 dining-room,
952 837 74 39 that
1052 836 78 40 they
1150 836 106 40 might
1283 837 74 39 sing
1380 836 48 40 for

443 888 101 30 them.
591 888 103 32 Word
727 898 92 21 came
851 891 33 28 to
916 888 56 32 the
1001 891 114 36 guests
1143 887 34 39 of
1199 887 55 39 the
1279 887 90 39 hotel
1398 886 33 40 of

443 939 88 31 what
556 950 68 20 was
650 939 99 39 going
774 949 51 29 on,
853 939 64 39 and
945 938 79 40 they
1053 937 159 41 gathered
1239 937 100 41 about
1369 936 57 42 the

444 990 96 30 doors
556 990 34 30 of
603 990 56 30 the
681 990 149 30 crowded
848 999 102 26 room,
968 989 144 39 begging
1128 988 74 40 that
1218 988 57 40 the
1293 992 134 36 concert

444 1041 105 39 might
567 1041 38 39 be
624 1041 179 39 adjourned
820 1044 33 36 to
870 1040 56 40 the
944 1040 107 40 larger
1074 1038 234 42 dining-room.
1356 1038 72 42 The

447 1092 134 39 Singers
607 1090 195 41 acquiesced
831 1101 41 30 on
904 1089 167 42 condition
1097 1089 74 42 that
1195 1089 87 42 their
1305 1089 123 42 invited

444 1143 142 36 hearers,
618 1142 99 38 white
750 1141 63 39 and
845 1142 107 38 black,
987 1140 119 39 should
1137 1141 83 39 have
1252 1141 56 39 the
1341 1141 87 39 front

444 1197 121 39 places.
611 1194 107 41 There
736 1194 158 41 probably
910 1204 68 31 was
996 1203 100 32 never
1112 1203 18 32 a
1146 1194 129 42 Jubilee
1294 1198 133 37 concert

444 1248 73 30 that
548 1257 81 29 gave
662 1256 88 30 more
783 1245 149 41 pleasure
963 1248 33 38 to
1024 1245 55 42 the
1109 1249 181 37 occupants
1317 1245 34 42 of
1371 1244 56 42 the

445 1298 180 30 "reserved
654 1296 138 38 seats;"
816 1307 60 27 nor
898 1300 34 34 to
957 1296 55 38 the
1035 1299 66 36 rest
1123 1296 34 39 of
1178 1296 55 39 the
1257 1295 169 39 audience,

443 1350 48 30 for
508 1350 72 30 that
599 1352 129 28 matter.

486 1401 41 29 At
559 1410 19 20 a
609 1402 130 28 concert
770 1402 33 28 to
842 1398 39 32 be
918 1398 96 40 given
1054 1407 80 30 soon
1173 1397 93 41 after,
1299 1396 33 42 in
1371 1398 56 40 the

446 1451 149 31 Masonic
636 1450 91 37 Hall,
768 1450 192 37 Baltimore,
996 1460 18 27 a
1053 1449 67 39 city
1158 1448 100 40 noted
1296 1449 50 39 for
1385 1449 42 39 its

444 1503 127 30 intense
599 1500 202 42 pro-slavery
828 1500 130 42 feeling,
984 1500 56 42 the
1068 1498 228 44 ticket-seller,
1315 1500 113 42 acting

444 1554 32 30 in
510 1553 200 30 accordance
741 1551 81 33 with
855 1551 183 32 Baltimore
1071 1560 132 29 usages,
1230 1550 65 39 had
1326 1550 101 39 taken

444 1614 86 30 upon
557 1602 134 42 himself
715 1602 56 42 the
796 1602 245 42 responsibility
1074 1601 33 43 of
1136 1600 147 44 refusing
1308 1605 33 39 to
1368 1602 60 42 sell

444 1655 150 31 reserved
611 1658 88 28 seats
717 1657 33 29 to
768 1653 153 33 coloured
936 1653 126 39 people.
1110 1651 83 42 This
1210 1662 93 30 came
1320 1656 33 37 to
1371 1652 56 41 the

444 1716 72 19 ears
532 1705 34 30 of
588 1705 56 30 the
661 1715 162 29 company
840 1704 96 40 when
953 1704 78 40 they
1048 1702 142 42 reached
1208 1702 56 42 the
1281 1702 67 42 city
1371 1703 57 41 the

444 1757 63 39 day
523 1756 35 39 of
581 1756 57 39 the
654 1759 144 36 concert,
817 1755 64 40 and
898 1765 61 30 one
977 1754 34 42 of
1033 1754 57 42 the
1109 1753 136 42 Singers
1263 1764 69 32 was
1356 1758 73 38 sent

443 1807 153 39 incognito
619 1811 33 36 to
677 1806 56 41 the
757 1805 211 42 ticket-office
990 1809 33 38 to
1049 1805 65 42 buy
1137 1815 18 32 a
1177 1805 150 42 reserved
1347 1809 81 37 seat,

444 1858 63 30 and
525 1862 65 26 test
607 1857 55 30 the
679 1856 92 32 truth
788 1856 34 32 of
843 1856 56 32 the
918 1859 99 35 story.
1079 1854 63 39 His
1161 1855 202 39 application
1381 1856 48 38 for

444 1920 18 19 a
480 1913 69 26 seat
567 1912 33 27 to
618 1908 79 30 hear
714 1906 135 33 himself
863 1906 74 39 sing
953 1916 68 29 was
1039 1905 128 40 refused
1184 1906 6 39 !

488 1960 88 29 Here
593 1969 68 20 was
679 1958 165 39 evidently
863 1968 18 29 a
898 1957 62 39 call
979 1960 33 36 to
1031 1957 39 39 do
1089 1965 18 31 a
1125 1956 85 41 little
1229 1956 200 41 missionary

442 2010 99 39 work,
561 2021 36 28 as
613 2009 72 40 well
704 2019 35 30 as
756 2008 126 41 furnish
906 2018 90 31 some
1020 2007 258 42 entertainment
1299 2008 48 41 for
1371 2010 56 39 the
