1732 2405
483 277 45 25 118

732 273 83 32 The
834 280 178 33 jubilee
1030 280 183 33 singers.

480 357 117 39 charge
620 360 33 37 of
675 370 18 27 a
715 360 111 36 school
844 360 90 39 eight
951 360 93 39 miles
1062 360 81 39 from
1163 361 183 38 Nashville.
1395 361 63 38 His

481 408 89 30 habit
602 412 33 27 at
666 410 66 30 this
764 410 79 30 time
875 420 67 19 was
970 414 33 26 to
1030 411 85 30 walk
1143 411 98 30 home
1267 421 41 19 on
1338 411 121 39 Friday

481 457 92 39 night
594 462 34 35 to
652 460 112 36 attend
780 459 56 37 the
855 459 144 39 meeting
1016 459 33 39 of
1069 459 56 39 the
1143 460 163 38 students'
1326 460 134 40 literary

482 507 134 39 society,
645 509 35 38 of
702 508 108 39 which
837 509 40 38 he
902 519 68 27 was
1002 520 18 27 a
1051 511 156 36 member,
1234 510 90 37 work
1348 515 33 32 at
1410 511 51 36 his

487 561 124 29 tailor's
627 561 92 30 trade
737 561 42 30 all
797 561 63 39 day
876 570 40 29 on
936 561 176 39 Saturday,
1131 561 63 39 an.d
1216 561 87 39 walk
1326 560 82 39 back
1425 570 42 29 on

489 610 134 39 Sunday
654 610 153 39 morning
846 609 73 39 that
951 610 40 39 he
1024 610 105 39 might
1161 611 39 38 be
1232 621 40 28 on
1305 610 88 39 hand
1432 615 33 33 to

488 660 140 30 conduct
666 660 57 30 the
762 659 279 31 Sabbath-school
1073 660 33 30 in
1137 660 51 30 his
1221 660 243 32 school-house.

489 710 53 30 He
568 720 68 20 was
664 720 60 20 one
753 710 32 30 of
813 710 56 31 the
900 711 138 39 original
1069 711 128 42 Jubilee
1230 712 145 41 Singers,
1403 714 63 39 and

489 759 177 32 continued
681 760 80 30 with
778 760 57 30 the
852 771 162 30 company
1032 762 84 39 until
1134 762 42 39 its
1194 766 111 36 return
1323 762 82 39 from
1425 764 42 38 its

489 811 69 30 first
585 810 75 31 visit
687 815 33 27 to
748 812 101 30 Great
880 813 138 38 Britain,
1044 813 94 38 when
1167 813 39 37 he
1237 815 150 36 resumed
1416 814 50 36 his

489 861 124 30 studies
630 866 32 27 at
681 861 202 32 Nashville.*

532 965 101 30 Isaac
663 966 36 29 P.
739 966 205 31 Dickerson
976 977 68 20 was
1075 966 80 30 born
1188 966 32 30 in
1251 966 214 40 Wytheville,

489 1014 159 39 Virginia,
667 1016 33 37 in
717 1016 87 41 July,
825 1017 91 40 1850.
964 1017 72 40 One
1059 1017 33 40 of
1113 1017 55 39 the
1192 1018 71 39 first
1287 1017 112 41 things
1428 1019 39 39 he

489 1065 198 30 remembers
717 1076 67 19 was
811 1065 55 30 the
894 1066 67 30 sale
990 1067 33 30 of
1052 1066 51 31 his
1130 1068 107 30 father
1260 1072 33 27 to
1323 1080 17 20 a
1365 1070 100 30 slave-

489 1115 120 30 trader.
656 1116 110 31 When
795 1116 61 31 five
882 1128 96 29 years
1005 1117 54 39 old
1085 1119 40 38 he
1157 1119 63 37 lost
1251 1119 51 38 his
1327 1121 138 38 mother,

490 1167 75 30 who
590 1178 69 20 was
687 1169 69 30 also
782 1178 18 21 a
828 1169 101 38 slave,
948 1170 42 40 by
1016 1170 110 40 death.
1173 1172 92 38 After
1291 1174 184 41 emancipa

492 1218 82 37 tion,
594 1218 40 37 he
656 1223 87 32 went
766 1223 33 32 to
824 1219 244 42 Chattanooga,
1086 1221 201 39 Tennessee,
1305 1225 108 36 where
1434 1226 40 35 he

493 1268 132 33 worked
651 1275 33 26 at
711 1271 162 39 anything
897 1272 40 38 he
964 1273 96 37 could
1088 1273 66 37 find
1182 1279 34 31 to
1242 1275 51 35 do.
1342 1278 77 33 Part
1446 1278 32 33 of

492 1323 56 30 the
564 1323 79 30 time
669 1323 40 30 he
734 1324 154 30 attended
906 1335 39 19 an
963 1325 172 31 American
1157 1327 198 41 Missionary
1371 1329 96 39 Asso

492 1374 120 30 ciation
633 1374 122 35 school,
776 1375 62 34 and
856 1376 93 33 when
969 1377 197 41 sufficiently
1184 1379 165 39 advanced
1368 1379 31 39 in
1418 1380 49 38 his

493 1425 135 36 studies,
659 1425 102 40 began
795 1428 155 39 teaching
981 1429 111 37 school
1125 1430 140 36 himself.
1323 1431 66 36 But
1428 1431 39 35 he

493 1476 96 30 failed
621 1480 33 27 to
685 1482 53 34 get
765 1477 49 39 his
842 1488 72 30 pay,
940 1479 63 39 and
1034 1480 92 38 when
1153 1480 39 38 he
1218 1486 83 32 went
1327 1485 33 33 to
1388 1482 79 36 Fisk

496 1527 189 39 University
711 1529 55 38 the
795 1534 73 33 next
897 1540 76 28 year
1005 1530 39 38 he
1073 1541 65 27 was
1164 1532 125 37 obliged
1314 1536 33 33 to
1373 1533 93 36 make

491 1589 158 30 economy
666 1590 60 30 one
744 1581 30 38 of
795 1581 51 39 his
864 1581 159 39 principal
1042 1583 134 37 studies.
1224 1584 52 36 He
1299 1595 67 25 was
1390 1596 77 29 very

490 1630 75 30 fond
590 1630 33 30 of
647 1631 116 36 music,
789 1631 63 36 and
875 1632 31 36 in
932 1633 56 34 the
1014 1639 134 28 cantata
1170 1634 33 33 of
1227 1635 19 32 "
1260 1635 153 38 Esther,"
1435 1636 32 37 in

492 1681 105 30 which
622 1692 35 19 so
683 1692 98 29 many
805 1683 34 39 of
863 1683 55 39 the
944 1684 127 40 Jubilee
1102 1686 134 39 Singers
1263 1688 94 36 made
1383 1688 84 36 their

489 1731 97 36 debut,
619 1731 39 36 he
693 1743 82 28 sang
806 1733 54 38 the
892 1739 72 33 part
1004 1734 34 38 of
1076 1736 146 36 Haman.
1271 1737 109 35 When
1411 1739 55 33 the

490 1782 132 39 Singers
641 1783 152 38 returned
810 1787 33 34 to
861 1785 162 36 America,
1038 1785 31 36 in
1087 1787 90 38 1874,
1194 1788 39 37 he
1250 1790 167 35 remained
1435 1790 31 35 in

489 1833 192 39 Edinburgh
699 1838 33 33 to
750 1842 119 29 pursue
888 1835 124 36 studies
1035 1843 213 35 preparatory
1266 1845 33 33 to
1317 1841 149 39 entering

489 1882 53 29 the
560 1881 162 39 ministry.

520 1948 15 17 *
555 1947 60 25 The
630 1947 82 26 death
727 1945 30 27 of
770 1945 51 27 Mr.
838 1945 125 32 Holmes,
976 1944 69 33 from
1060 1948 201 33 consumption,
1275 1950 51 32 has
1341 1952 132 30 occurred

486 1989 75 25 since
578 1989 45 25 the
641 1989 87 25 above
742 1995 54 19 was
811 1986 123 31 written;
957 1986 45 30 the
1022 1986 57 30 first
1098 1987 84 30 death
1199 1998 103 25 among
1320 1992 79 31 those
1412 1994 61 29 who

484 2031 69 24 have
567 2034 27 21 at
608 2037 54 24 any
672 2029 66 33 time
750 2028 68 33 been
828 2027 137 35 members
980 2027 30 35 of
1020 2028 45 34 the
1076 2028 105 33 Jubilee
1197 2030 120 33 Singers'
1327 2040 144 26 company.
