1725 2400
423 351 32 32 76

676 352 83 24 THE
779 350 179 35 JUBILEE
976 350 181 35 SINGERS.

464 438 27 30 A
516 438 64 39 trip
606 442 33 35 to
668 438 56 39 the
752 436 98 41 south
877 435 34 42 of
933 435 126 42 Wales,
1082 434 80 43 with
1191 439 152 38 concerts
1369 439 33 38 at

423 489 167 39 Newport,
624 488 131 40 Cardiff,
791 486 149 42 Merthyr
969 485 132 43 Tydvil,
1134 485 65 43 and
1232 486 170 42 Swansea,

421 550 68 19 was
510 537 149 32 followed
681 539 41 38 by
746 537 180 40 successful
948 536 95 41 visits
1066 540 33 37 to
1124 535 279 42 Bristol,.South¬

422 594 146 35 ampton,
597 589 99 39 Bath,
731 588 174 41 Brighton,
934 586 64 42 and
1030 597 18 32 a
1079 586 61 42 few
1171 585 95 43 other
1297 585 106 43 cities.

423 641 61 29 Mr.
513 640 180 38 Spurgeon,
719 642 57 36 not
803 637 151 41 forgetful
984 637 34 41 of
1046 636 51 42 his
1125 636 144 42 farewell
1296 637 108 41 words

422 690 93 31 when
537 690 78 39 they
638 689 57 39 left
720 689 149 39 London,
888 692 57 36 not
963 688 76 40 only
1056 687 126 41 opened
1207 687 51 41 his
1283 687 122 42 Taber¬

423 741 93 30 nacle
532 744 33 27 to
583 740 89 31 them
690 740 48 31 for
755 750 18 21 a
790 739 120 32 second
933 743 142 33 concert,
1094 739 58 36 but
1175 738 96 37 made
1293 749 61 27 one
1375 738 35 38 of

423 792 51 30 his
498 790 152 40 happiest
675 791 171 39 addresses
869 790 31 40 in
923 789 196 41 connection
1137 789 80 42 with
1236 801 18 30 a
1272 792 134 38 present

423 843 33 30 of
478 853 18 20 a
512 842 58 31 full
588 846 48 27 set
655 842 33 31 of
705 841 51 32 his
772 841 106 32 works
895 841 48 32 for
959 841 56 32 the
1032 841 131 39 library.
1211 840 72 41 The
1301 840 104 41 house

423 904 67 20 was
508 893 134 39 densely
659 892 159 40 crowded,
838 893 63 39 and
918 893 55 39 the
990 892 140 40 receipts
1149 891 160 41 exceeded
1325 901 80 31 even

423 945 94 30 those
535 944 33 30 of
588 944 56 30 the
662 944 70 30 first
750 947 132 27 concert
900 943 32 31 in
949 943 56 31 the
1024 954 90 21 same
1134 943 104 39 place.

465 995 72 30 The
563 994 126 39 closing
720 999 131 35 concert
879 1005 66 29 was
971 993 96 40 given
1096 993 33 40 in
1158 993 124 40 Exeter
1309 992 96 42 Hall,

424 1044 64 30 and
519 1044 128 40 yielded
678 1053 19 30 a
723 1044 107 40 larger
861 1053 72 30 sum
964 1043 82 41 than
1079 1053 64 31 any
1171 1042 95 42 other
1294 1041 35 42 of
1350 1041 57 43 the

423 1095 106 30 whole
554 1093 174 40 campaign
759 1094 33 39 in
822 1095 101 39 Great
948 1093 141 40 Britain.
1150 1092 90 41 That
1267 1092 140 42 stedfast

423 1146 115 37 friend,
553 1146 56 37 the
627 1145 79 38 Earl
725 1144 33 39 of
773 1144 227 39 Shaftesbury,
1019 1143 161 40 presided.
1219 1144 58 39 Dr.
1296 1143 110 41 Allon,

423 1197 110 30 whose
548 1196 152 32 counsels
717 1195 65 33 had
799 1196 81 32 been
898 1195 34 33 of
945 1200 91 35 great
1054 1195 96 39 value
1168 1198 33 36 to
1219 1194 91 41 them
1323 1194 83 41 from

423 1250 55 30 the
503 1247 189 40 beginning,
717 1257 83 30 gave
827 1247 56 40 the
911 1246 159 41 audience
1095 1256 91 31 some
1209 1249 141 38 account
1377 1245 34 42 of

423 1300 56 30 the
495 1299 144 31 winter's
655 1298 100 33 work.
804 1298 121 39 Nearly
943 1298 144 39 £10,000
1107 1296 66 41 had
1194 1297 83 40 been
1299 1296 108 42 raised

423 1352 48 30 for
495 1350 128 42 Jubilee
656 1349 90 42 Hall,
780 1348 90 43 aside
900 1347 83 44 from
1016 1347 123 44 special
1170 1347 78 44 gifts
1274 1347 49 44 for
1350 1347 57 44 the

423 1401 160 41 purchase
608 1399 33 42 of
662 1398 239 43 philosophical
924 1403 190 39 apparatus,
1139 1398 64 43 and
1228 1398 178 43 donations

423 1453 32 30 in
486 1461 119 29 money
628 1450 48 40 for
706 1449 56 41 the
790 1449 130 41 library,
945 1449 64 41 and
1041 1449 34 42 of
1103 1449 101 42 books
1230 1449 83 41 from
1343 1448 63 42 Mr.

424 1503 192 36 Gladstone,
633 1501 61 38 Mr.
711 1500 135 39 Motley,
861 1500 95 39 Dean
975 1500 148 40 Stanley,
1140 1500 59 40 Mr.
1220 1500 185 40 Spurgeon,

426 1555 61 30 Mr.
504 1553 148 32 Thomas
671 1552 137 37 Nelson,
827 1551 64 38 and
909 1562 99 30 many
1025 1551 94 40 other
1136 1551 135 40 friends.

467 1605 88 31 Lord
584 1602 228 40 Shaftesbury,
835 1602 33 40 in
897 1602 51 40 his
975 1602 132 40 parting
1133 1603 148 39 address,
1305 1603 101 39 spoke

423 1656 80 31 with
531 1655 98 33 much
655 1654 119 39 feeling
800 1653 34 39 of
861 1653 56 39 the
945 1653 151 39 pleasure
1122 1654 87 39 their
1234 1653 78 39 visit
1341 1654 66 39 had

423 1707 96 39 given
540 1707 57 40 the
624 1704 142 42 English
786 1704 125 42 people,
938 1704 63 42 and
1027 1705 34 42 of
1081 1704 56 42 the
1162 1705 153 42 affection
1344 1705 64 42 and

424 1761 126 36 respect
567 1756 33 41 in
617 1755 108 42 which
741 1755 79 42 they
836 1755 108 42 would
962 1756 123 41 always
1103 1756 77 41 hold
1197 1756 57 41 the
1277 1756 130 42 Jubilee

426 1809 143 39 Singers.
625 1806 72 42 The
727 1806 173 41 Doxology
930 1817 67 30 was
1030 1817 85 30 sung
1146 1808 42 39 by
1215 1807 57 40 the
1304 1807 105 40 entire

425 1858 176 39 assembly,
620 1857 63 41 and
707 1856 51 42 his
783 1857 174 41 Lordship,
977 1857 89 41 amid
1089 1857 56 40 the
1163 1858 115 39 cheers
1296 1859 34 39 of
1351 1859 57 39 the

426 1910 167 36 audience,
617 1908 64 37 and
705 1907 33 39 in
760 1907 85 39 their
867 1907 120 39 behalf,
1012 1908 82 38 bade
1118 1908 92 37 them
1233 1910 174 40 good-bye,

426 1961 141 39 shaking
588 1959 105 41 hands
709 1958 80 42 with
814 1958 80 42 each
919 1958 34 42 of
974 1958 56 42 the
1048 1959 135 41 Singers
1201 1971 36 29 as
1254 1961 79 40 they
1351 1960 57 41 left

426 2013 55 30 the
498 2011 164 41 platform.
