1734 2406
469 327 31 32 §z
724 325 83 34 thk
825 325 179 38 JUEILeN
1023 326 181 37 singers.

467 414 48 30 for
531 424 18 20 a
567 414 123 40 private
708 420 130 34 concert
857 419 33 35 at
908 415 142 39 Willis's
1068 415 124 39 Rooms
1211 426 41 28 on
1270 414 56 39 the
1351 414 97 39 after¬

467 474 84 20 noon
570 465 33 30 of
618 465 54 30 the
690 465 55 30 6th
765 466 33 30 of
814 466 87 39 May.
951 466 103 39 Cards
1077 465 32 39 of
1130 465 187 40 invitation,
1337 465 111 40 issued

467 516 31 29 in
515 515 55 30 the
588 526 96 19 name
699 516 33 30 of
746 516 56 30 the
820 516 79 30 Earl
913 516 35 30 of
963 516 218 39 Shaftesbury
1197 516 63 39 and
1277 516 56 40 the
1353 516 96 40 Com¬

467 565 112 30 mittee
608 566 33 30 of
669 566 55 30 the
758 567 143 39 Society,
924 577 84 28 were
1037 570 73 35 sent
1141 570 34 36 to
1207 567 57 39 the
1296 566 150 41 nobility,

466 615 162 30 members
656 616 35 30 of
717 617 213 37 Parliament,
960 617 56 37 the
1046 617 132 40 leading
1204 618 189 39 clergymen
1418 618 35 39 of

466 666 146 31 different
641 666 273 39 denominations,
945 669 132 36 editors,
1106 668 63 37 and
1194 668 93 37 other
1310 678 136 30 persons

465 717 34 30 of
512 716 161 32 influence
691 717 99 40 likely
807 723 33 35 to
858 718 38 39 be
922 718 179 39 interested
1126 719 31 39 in
1184 719 81 39 such
1290 730 18 27 a
1333 730 111 27 cause.

465 767 70 30 The
552 768 76 30 visit
646 772 33 27 to
699 769 138 30 London
855 768 63 31 had
941 771 81 30 been
1047 770 102 30 timed
1167 771 78 30 with
1271 781 18 20 a
1305 771 83 30 view
1411 775 34 27 to

465 818 155 40 reaching
636 819 55 39 the
716 819 184 39 influential
925 821 167 37 ministers
1116 822 64 36 and
1204 822 132 40 laymen
1363 822 83 40 from

465 869 42 30 all
533 873 89 35 parts
652 870 33 39 of
710 870 54 39 the
786 870 156 39 kingdom
960 872 72 38 who
1061 872 122 40 throng
1203 873 91 39 there
1327 873 119 40 during

462 919 57 30 the
538 920 78 39 May
638 920 248 39 anniversaries.
936 922 61 37 Mr.
1018 923 189 36 Pike—and
1231 924 81 36 Rev.
1331 924 114 39 James

465 970 132 36 Powell,
624 972 84 37 who,
737 972 97 39 being
862 972 33 39 of
924 973 141 39 English
1095 973 87 39 birth
1209 975 64 38 and
1302 975 81 38 used
1410 979 33 33 to

463 1020 141 39 English
621 1032 100 30 ways,
736 1023 64 39 had
819 1034 93 28 come
922 1023 81 39 with
1017 1024 67 38 him
1100 1029 33 33 to
1148 1025 53 37 aid
1214 1024 33 38 in
1263 1026 183 39 launching

462 1071 56 30 the
543 1073 177 39 enterprise
739 1073 31 39 in
789 1074 124 39 foreign
931 1074 229 39 waters—had
1179 1080 94 35 spent
1298 1077 112 39 nearly
1428 1088 17 28 a

462 1123 116 30 month
596 1123 32 30 in
649 1123 134 41 stirring
807 1135 42 29 up
875 1135 41 29 an
941 1125 136 39 interest
1100 1126 144 40 through
1268 1126 57 40 the
1350 1138 93 29 press

462 1174 65 30 and
544 1173 33 31 in
594 1174 125 39 private
738 1175 103 39 effort.

504 1224 109 32 When
630 1225 57 31 the
704 1226 80 30 time
801 1227 49 30 for
867 1227 55 30 the
936 1231 131 27 concert
1092 1239 104 27 came,
1215 1228 57 38 the
1290 1229 68 37 hall
1375 1240 68 26 was

461 1275 87 30 filled
565 1276 78 30 with
659 1287 17 19 a
689 1276 240 40 distinguished
944 1278 216 39 assemblage.
1208 1279 72 39 The
1296 1281 146 40 Singers,

460 1326 116 39 keenly
599 1337 96 29 eager
718 1331 33 35 to
772 1327 117 41 justify
906 1328 56 40 the
987 1329 160 40 promises
1171 1331 97 38 made
1293 1341 41 27 on
1359 1332 87 37 their

460 1377 118 37 behalf,
598 1377 53 36 did
668 1377 86 36 their
769 1379 84 35 best.

503 1427 116 31 Before
636 1428 56 30 the
716 1439 207 30 programme
940 1440 67 28 was
1032 1431 225 38 half-finished
1282 1432 79 40 they
1379 1433 66 39 had

460 1478 123 31 carried
601 1479 84 30 their
708 1480 157 31 audience
888 1481 41 39 by
948 1485 112 35 storm.
1109 1482 41 38 At
1175 1483 56 37 the
1255 1483 88 37 close
1367 1494 75 26 con¬

457 1530 220 39 gratulations
694 1541 84 28 were
804 1531 147 38 lavished
975 1543 87 29 upon
1086 1533 102 39 them,
1209 1535 64 37 and
1291 1534 95 38 offers
1412 1535 34 37 of

459 1581 223 39 co-operation
693 1592 84 27 were
792 1582 180 37 abundant.
1008 1583 72 36 The
1098 1584 96 35 Duke
1208 1586 64 33 and
1288 1585 155 34 Duchess

459 1632 34 30 of
514 1632 112 39 Argyll
652 1643 84 29 were
765 1633 156 39 foremost
948 1633 32 39 in
1009 1635 192 40 expressing
1229 1647 18 28 a
1274 1635 105 39 desire
1408 1642 33 33 to

458 1682 99 30 assist
579 1683 101 37 them,
704 1683 75 39 and,
804 1684 107 38 before
937 1684 132 41 leaving
1093 1686 56 39 the
1174 1686 78 39 hall,
1281 1689 161 39 arranged

456 1732 48 30 for
521 1743 18 19 a
555 1733 77 30 visit
653 1734 34 30 of
708 1734 55 30 the
788 1734 135 39 Singers
945 1739 33 35 to
1004 1737 114 39 Argyll
1143 1737 114 40 Lodge
1282 1738 56 39 the
1364 1744 78 33 next

457 1783 73 39 day.
576 1783 72 39 The
674 1784 130 40 leading
828 1785 125 39 dailies,
978 1787 57 37 the
1060 1788 110 38 Times,
1188 1788 57 37 the
1270 1789 171 39 Standard,

456 1833 56 30 the
534 1833 103 38 News,
656 1834 56 37 the
738 1835 174 40 Telegraph,
932 1846 40 29 on
997 1837 57 38 the
1079 1842 77 33 next
1182 1839 153 40 morning
1359 1851 82 29 gave

457 1884 121 31 cordial
603 1884 105 40 praise
734 1884 33 39 of
788 1884 55 39 the
870 1887 267 37 entertainment.
1194 1889 160 41 Through
1372 1892 68 38 this

456 1935 70 30 first
551 1939 141 33 concert,
720 1936 63 36 and
807 1935 55 37 the
888 1936 243 39 distinguished
1155 1938 226 41 hospitalities
1407 1947 33 33 to

456 1985 108 32 which
580 1986 24 31 it
630 1986 61 38 led,
708 1986 56 38 the
790 1986 133 40 Singers
947 1987 100 39 found
1071 1989 203 38 themselves
1298 1995 33 31 at
1356 2002 81 24 once
