1725 2400
425 321 63 27 AT
503 323 71 26 MR.
594 324 257 27 SPURGEON'S
872 327 285 26 TABERNACLE.
1256 324 33 37 63

293 408 197 33 tainments.
533 412 66 30 But
614 412 57 31 the
690 424 160 30 expenses
867 425 84 29 were
969 425 35 29 so
1023 415 88 39 large
1129 425 36 29 as
1182 418 33 36 to
1234 419 53 35 eat

294 471 44 30 lip
364 466 88 34 most
478 463 34 37 of
533 464 57 36 the
615 465 153 40 receipts.
815 465 72 39 The
915 471 151 34 concerts
1095 466 32 39 in
1153 466 134 40 chapels

294 512 78 40 paid
404 514 118 39 better,
556 516 158 39 enlisting
746 528 36 27 as
813 518 79 40 they
921 518 64 40 did,
1012 517 32 41 in
1073 517 55 41 the
1157 528 75 30 case
1257 518 33 40 of

295 568 117 36 strong
438 566 68 40 city
531 567 175 39 churches,
733 579 19 27 a
780 579 95 29 corps
899 569 33 39 of
954 569 196 39 co-workers
1175 570 32 39 in
1231 569 55 39 the

295 618 239 39 congregation
566 618 74 39 who
672 630 85 27 were
789 621 132 39 usually
960 631 73 29 sure
1073 625 33 35 to
1146 621 47 39 fill
1230 621 56 39 the

294 668 117 32 house.

338 720 73 31 The
439 725 87 27 most
549 722 132 30 notable
708 722 34 30 of
762 722 93 31 these
880 733 68 21 was
971 723 56 31 the
1050 733 60 21 one
1133 723 96 39 given
1254 723 32 39 in

297 772 63 30 Mr.
395 773 201 39 Spurgeon's
628 772 217 40 Tabernacle.
915 775 61 37 Mr.
1011 774 172 39 Spurgeon
1222 774 64 39 had

296 823 162 39 signified,
489 824 33 39 in
547 824 52 39 his
624 824 117 40 hearty
772 835 84 30 way,
890 825 51 40 his
975 825 136 39 interest
1143 825 32 39 in
1200 825 87 40 their

296 876 152 38 mission,
469 876 64 37 and
551 876 66 38 had
635 876 158 37 tendered
810 876 92 37 them
920 877 56 36 the
995 887 57 27 use
1071 877 34 36 of
1127 876 51 37 his
1195 877 90 39 large

296 925 137 30 church.
480 924 73 31 The
579 926 136 39 Sunday
739 925 153 39 previous
917 930 33 35 to
971 925 57 39 the
1052 930 131 34 concert
1208 926 78 39 they

297 976 156 30 attended
480 976 125 30 service
630 977 105 36 there,
762 976 63 37 and
851 981 33 32 at
909 977 57 36 the
993 977 87 36 close
1106 976 121 37 tarried
1251 981 33 33 to

297 1027 103 30 shake
438 1028 107 30 hands
584 1027 81 30 with
704 1027 57 30 the
800 1032 92 35 great
931 1028 169 39 preacher.
1171 1028 111 39 While

295 1079 140 39 waiting
471 1078 88 40 their
594 1082 77 36 turn
709 1077 33 41 in
780 1078 56 40 the
875 1089 90 30 room
1005 1078 168 40 adjoining
1212 1079 72 39 that

295 1130 110 30 where
434 1131 61 29 Mr.
522 1130 173 39 Spurgeon
720 1128 144 40 receives
893 1129 51 39 his
969 1128 142 40 visitors,
1141 1140 88 29 some
1255 1129 33 39 of

295 1181 57 30 the
382 1182 115 39 people
524 1185 132 36 present
684 1180 100 40 asked
805 1180 48 40 for
876 1191 18 30 a
916 1191 92 30 song.
1055 1180 72 40 The
1151 1181 134 39 Singers

297 1232 82 31 with
405 1232 116 31 tender
547 1232 63 31 and
638 1236 129 27 earnest
793 1231 120 39 feeling
930 1242 92 29 sang,
1043 1233 18 38 "
1076 1232 26 39 0
1121 1231 159 39 brothers,

297 1284 91 30 don't
405 1287 74 35 stay
497 1282 125 40 away."
669 1281 94 41 They
781 1282 64 40 had
864 1283 145 39 scarcely
1026 1282 141 40 finished
1187 1283 96 39 when

297 1336 62 29 Mr.
380 1335 173 39 Spurgeon
578 1333 197 41 summoned
798 1332 92 42 them
915 1333 69 41 into
1007 1333 51 41 his
1080 1344 102 30 room.
1230 1335 53 39 He

295 1386 66 30 had
393 1386 101 31 heard
525 1385 57 32 the
612 1394 92 30 song,
734 1384 64 39 and
829 1395 68 29 was
930 1395 35 29 so
990 1395 73 29 won
1090 1384 42 40 by
1163 1384 24 40 it
1210 1385 73 39 that

295 1438 41 30 he
356 1437 132 31 wanted
513 1436 91 32 them
628 1440 34 28 to
688 1435 114 33 attend
826 1435 56 33 the
907 1435 139 39 evening
1071 1435 122 39 service
1219 1436 64 39 and

295 1492 113 36 repeat
433 1488 25 40 it
474 1487 104 41 there.

339 1539 51 30 "I
424 1539 40 30 do
496 1542 58 27 not
586 1538 97 31 know
708 1536 149 33 whether
885 1547 65 29 you
981 1536 66 40 will
1080 1547 141 29 approve
1248 1548 36 28 or

295 1590 91 37 not,"
419 1590 41 38 he
493 1588 70 39 said
596 1592 34 36 to
662 1587 52 40 his
744 1587 116 40 people
894 1587 32 41 in
958 1587 230 41 commencing
1227 1587 56 41 the

297 1641 135 36 service,
453 1640 92 37 "but
572 1638 24 39 it
626 1648 108 29 seems
760 1641 33 36 to
815 1648 51 29 me
890 1638 24 39 it
935 1638 27 39 is
984 1638 56 39 the
1064 1638 87 39 right
1175 1638 106 39 thing,

297 1692 66 31 and
381 1692 15 31 I
414 1690 66 33 will
497 1689 76 33 take
591 1689 56 34 the
669 1689 77 34 risk.
793 1688 91 35 After
904 1688 56 35 the
983 1689 153 39 morning
1159 1689 123 39 service

298 1744 14 30 I
353 1742 102 32 heard
492 1740 57 33 the
587 1740 129 41 Jubilee
755 1740 135 41 Singers
929 1739 74 42 sing
1041 1750 18 30 a
1097 1740 102 41 piece,
1233 1740 48 40 '0

296 1794 163 36 brothers,
479 1791 90 38 don't
586 1796 74 35 stay
683 1801 102 30 away,
812 1791 49 40 for
883 1801 54 30 my
954 1791 88 40 Lord
1068 1801 76 30 says
1161 1791 122 40 there's

295 1856 93 20 room
421 1843 130 39 enough
584 1843 33 39 in
648 1842 56 40 the
735 1842 144 40 heavens
915 1842 49 40 for
994 1843 87 39 you.'
1135 1842 14 40 I
1182 1842 100 41 found

294 1902 90 26 tears
417 1894 132 39 coming
586 1894 32 39 in
658 1904 55 30 my
751 1903 75 30 eyes
845 1904 6 30 ;
885 1893 74 41 and,
993 1892 135 42 looking
1158 1896 33 38 at
1227 1902 54 32 my

296 1948 155 36 deacons,
486 1946 13 38 I
540 1944 102 39 found
672 1944 102 40 theirs
807 1953 78 30 very
927 1943 99 41 moist
1065 1947 66 37 too.
1193 1941 88 42 That

295 2008 84 31 song
406 1996 177 43 suggested
613 2006 54 33 my
693 1998 69 41 text
791 1994 63 45 and
882 2004 55 36 my
961 2004 129 36 sermon
1123 1992 156 47 to-night.
