1725 2400
454 353 33 27 66

708 351 83 25 THE
810 346 180 36 JUBILEE
1008 343 181 39 SINGERS.

499 440 123 38 Sitting
648 439 41 39 by
714 436 51 42 his
792 434 139 44 window
957 435 34 42 at
1019 431 55 47 the
1103 429 90 48 hotel
1221 429 33 49 in
1288 426 83 51 Hull
1395 435 41 42 on

458 491 135 39 Sunday
609 488 148 42 evening,
775 485 65 45 and
856 483 117 46 noting
988 482 57 48 the
1069 480 68 49 tide
1161 480 36 50 of
1217 479 116 51 people
1350 477 87 53 flow¬

458 543 55 37 ing
549 541 66 39 idly
652 540 51 40 by,
739 537 62 43 Mr.
837 534 114 45 White
983 531 162 48 proposed
1177 541 41 39 an
1251 533 188 47 extempore

458 591 153 39 religious
628 588 123 42 service
767 588 48 42 for
835 585 86 45 their
942 583 132 47 benefit.
1120 581 134 49 Taking
1278 579 57 51 the
1360 579 78 51 base

459 641 34 30 of
505 639 56 31 the
580 637 87 39 King
688 636 151 40 William
864 635 195 41 monument
1083 641 36 35 as
1144 640 19 36 a
1187 629 168 47 platform,
1374 627 63 48 Mr.

461 688 78 32 Pike
557 684 162 42 preached
736 684 63 43 and
823 682 57 45 the
905 681 134 46 Singers
1063 690 84 37 sang
1177 678 34 48 of
1230 678 57 49 the
1311 678 72 49 love
1407 676 35 51 of

462 738 120 37 Christ,
600 741 33 33 to
651 747 18 28 a
686 735 106 40 crowd
808 733 72 42 that
905 732 88 43 filled
1014 731 56 44 the
1093 734 100 41 street
1217 729 123 46 farther
1356 727 81 48 than

459 790 56 30 the
532 789 90 32 voice
641 787 33 33 of
693 785 104 36 either
813 783 137 40 speaker
966 792 36 31 or
1018 781 109 42 singer
1143 780 96 43 could
1263 780 39 44 be
1326 779 111 45 heard.

461 841 102 30 Tears
588 837 137 34 trickled
752 837 93 34 down
873 834 56 36 the
953 832 120 39 cheeks
1095 832 34 39 of
1151 842 99 29 many
1272 834 34 36 to
1329 828 110 42 whom

461 892 56 30 the
534 889 103 33 sound
655 889 33 33 of
702 897 115 30 prayer
833 895 35 33 or
885 884 153 44 religious
1056 893 81 35 song
1153 892 69 36 was
1246 880 195 48 apparently

462 943 119 30 almost
599 939 175 33 unknown.

505 994 39 29 In
562 990 238 39 Scarborough,
819 999 19 30 a
853 988 66 41 free
936 990 131 39 concert
1085 985 129 44 yielded
1232 996 19 33 a
1268 984 174 45 collection

463 1044 33 30 of
510 1044 99 31 about
626 1043 78 39 jTgo,
723 1041 63 42 and
804 1050 40 33 on
864 1038 135 44 Sunday
1014 1038 56 45 the
1095 1037 137 45 Singers
1256 1046 93 36 sang,
1367 1035 33 47 in
1425 1046 18 36 a

462 1095 105 38 heavy
597 1092 81 41 rain,
710 1095 33 39 to
772 1101 19 32 a
819 1087 264 46 Sunday-school
1113 1086 175 47 gathering
1311 1086 34 48 of
1372 1086 73 48 four

462 1143 165 33 thousand
650 1142 115 40 people
785 1152 42 30 on
849 1140 57 42 the
923 1149 111 33 green.
1080 1139 43 43 At
1140 1137 201 45 Newcastle,
1362 1137 83 45 Rev.

465 1197 45 29 H.
527 1195 40 30 T.
587 1193 171 40 Robjohns
783 1191 65 42 had
876 1201 36 32 so
940 1189 200 44 thoroughly
1164 1188 130 45 worked
1320 1197 43 36 up
1389 1187 57 46 the

465 1245 108 41 public
601 1244 137 42 interest
765 1243 74 43 that
864 1251 96 35 every
987 1244 70 42 seat
1088 1249 69 37 was
1188 1239 72 47 sold
1285 1239 109 48 before
1420 1238 26 48 it

464 1307 67 20 was
547 1296 80 30 time
643 1295 48 32 for
707 1294 56 33 the
780 1297 130 30 concert
934 1296 34 31 to
988 1301 203 26 commence.
1237 1290 42 37 At
1305 1288 141 39 Sunder¬

465 1347 87 36 land,
572 1345 121 39 Moody
709 1344 64 41 and
795 1343 132 42 Sankey
942 1342 66 42 had
1031 1341 82 43 been
1131 1340 138 45 holding
1284 1338 164 46 meetings

465 1403 57 27 not
540 1399 77 38 long
633 1398 118 39 before,
771 1400 33 37 at
820 1395 56 42 the
893 1393 180 44 beginning
1088 1393 35 44 of
1142 1392 90 45 what
1257 1391 192 46 afterwards

465 1451 134 30 became
616 1448 81 33 such
714 1458 19 23 a
745 1447 129 33 famous
891 1445 99 36 work,
1008 1444 64 37 and
1089 1443 57 38 the
1163 1442 123 40 special
1310 1442 139 40 interest

466 1499 78 30 thus
572 1496 176 33 awakened
770 1496 33 33 in
828 1494 155 39 religious
1005 1502 82 32 song
1113 1491 159 43 prepared
1296 1491 57 42 the
1376 1501 74 33 way

465 1551 49 30 for
536 1548 57 32 the
617 1547 146 39 Singers.
811 1545 90 40 Hon.
918 1545 31 40 J.
975 1542 171 43 Candlish,
1166 1542 101 43 M.P.,
1285 1540 163 45 presided,

466 1602 56 30 the
554 1598 166 33 ministers
751 1596 33 35 of
812 1596 57 36 the
900 1595 149 36 different
1074 1592 267 39 denominations
1365 1602 84 29 were

468 1649 184 33 advertised
675 1659 36 22 as
739 1651 146 36 patrons,
904 1645 63 42 and
993 1644 57 42 the
1077 1644 88 42 large
1191 1643 149 44 Victoria
1370 1643 81 44 Plall

467 1712 68 20 was
551 1700 89 32 filled
656 1699 108 33 before
789 1707 99 30 many
911 1696 74 41 who
1008 1695 125 42 wished
1157 1698 34 39 to
1216 1694 115 43 attend
1356 1694 96 43 could

468 1752 111 31 obtain
597 1749 189 34 admission.

513 1802 87 30 Lord
618 1800 226 39 Shaftesbury,
857 1799 81 39 with
951 1797 249 42 characteristic
1218 1797 157 42 kindness
1389 1797 64 42 and

468 1852 169 41 foresight,
656 1851 64 42 had
748 1850 96 43 given
871 1850 57 43 the
957 1849 135 44 Singers
1119 1859 18 34 a
1162 1848 123 45 cordial
1303 1848 97 45 letter
1424 1848 34 45 of

470 1902 221 33 introduction
708 1905 33 30 to
767 1900 51 35 his
842 1899 116 36 friend,
975 1899 89 40 John
1090 1899 120 40 Burns,
1232 1899 93 39 Esq.,
1344 1898 34 41 of
1399 1898 56 41 the

471 1954 132 32 Cunard
627 1950 190 39 Steamship
844 1950 94 39 Line,
961 1953 33 36 at
1014 1949 168 41 Glasgow.
1231 1949 63 41 Mr.
1314 1949 141 41 Burns's

471 2004 204 42 sympathies
692 2012 83 34 were
792 2004 33 42 at
843 2011 79 35 once
941 2000 189 46 awakened,
1150 1999 64 47 and
1232 2000 41 46 he
1294 1999 161 47 arranged
