1758 2424
475 359 32 26 62

729 362 84 27 THE
832 362 179 36 JUBILEE
1029 365 183 33 SINGERS.

520 447 57 30 Dr.
597 448 123 30 Allon's
747 450 78 39 high
855 451 165 40 standing,
1055 453 78 38 both
1166 465 35 27 as
1234 465 18 26 a
1285 456 170 36 Christian

475 496 150 32 minister
644 500 63 30 and
732 510 35 20 as
791 511 40 19 an
856 501 104 30 editor
981 503 34 30 of
1036 504 106 30 works
1168 509 33 26 to
1227 510 150 34 promote
1401 507 56 37 the

477 548 122 30 service
638 549 33 30 of
706 560 82 30 song
827 551 31 39 in
899 552 55 37 the
993 553 173 39 churches,
1206 565 82 30 gave
1332 561 33 34 to
1406 558 51 37 his

475 599 177 39 testimony
677 601 120 38 special
822 603 106 36 value.

516 648 71 32 The
612 650 129 41 singing
758 651 32 39 in
807 652 55 39 the
882 654 268 37 Nonconformist
1174 657 160 33 churches
1360 659 98 41 being

474 700 166 40 generally
673 703 277 39 congregational,
984 707 91 36 there
1114 709 129 33 seemed
1275 714 33 28 to
1342 711 37 32 be
1414 721 41 21 no

475 752 211 39 opportunity
717 753 48 39 for
795 754 54 37 the
884 756 132 40 Singers
1048 762 33 34 to
1113 759 75 36 take
1220 760 72 36 that
1332 762 122 39 special

475 805 71 34 part
579 801 31 38 in
642 803 54 36 the
731 804 144 36 Sabbath
909 807 140 32 services
1081 813 32 27 to
1146 811 108 31 which
1286 812 78 41 they
1390 813 64 39 had

474 852 132 31 become
639 864 34 20 so
705 855 98 30 much
836 859 211 30 accustomed
1080 861 31 30 in
1144 861 162 39 America,
1332 864 64 36 and
1422 864 31 36 in

472 902 107 31 which
612 903 23 31 it
667 915 67 21 was
774 906 145 33 believed
957 909 72 31 that
1068 911 78 40 they
1185 912 64 39 had
1290 914 82 37 done
1411 925 42 26 no

474 953 84 30 little
596 954 93 39 good.
751 957 48 36 An
840 958 174 35 invitation
1053 961 82 32 from
1175 963 81 30 Rev.
1291 965 162 31 Newman

475 1004 89 37 Hall,
591 1005 171 39 therefore,
789 1011 33 33 to
849 1009 72 39 sing
949 1014 32 34 at
1010 1011 50 38 his
1088 1014 151 39 morning
1272 1016 123 37 service
1421 1017 32 36 in

474 1054 118 40 Surrey
618 1056 125 39 Chapel
771 1068 67 27 was
865 1061 156 40 specially
1053 1064 156 37 welcome
1242 1076 36 25 as
1311 1068 144 40 opening

471 1105 55 30 the
543 1116 72 29 way
630 1111 33 34 to
681 1109 81 36 such
779 1110 99 35 work.
938 1111 92 41 They
1053 1125 84 27 were
1160 1116 113 36 seated
1298 1128 79 24 near
1397 1119 56 33 the

471 1156 116 39 pulpit,
610 1158 63 38 and
697 1158 86 37 their
806 1160 130 41 singing
960 1163 78 38 both
1064 1164 106 36 before
1196 1167 64 34 and
1286 1168 83 33 after
1395 1170 57 30 the

471 1217 129 21 sermon
627 1210 129 30 seemed
778 1214 33 27 to
838 1212 36 30 be
897 1213 156 39 regarded
1076 1215 41 39 by
1138 1217 56 38 the
1215 1220 236 39 congregation

471 1268 35 19 as
538 1269 170 31 everyway
738 1261 151 42 befitting
920 1263 56 39 the
1009 1265 117 38 Lord's
1158 1267 102 36 house
1305 1271 64 32 and
1409 1272 42 31 its

468 1308 153 39 worship.

510 1358 106 32 There
633 1371 83 21 were
735 1363 120 39 special
873 1375 135 27 reasons
1024 1368 75 41 why
1117 1369 24 39 it
1158 1371 108 37 would
1284 1373 39 36 be
1344 1374 107 35 better

468 1413 33 26 to
518 1410 71 39 give
607 1417 147 32 concerts
773 1413 31 36 in
826 1416 108 39 public
953 1417 96 39 halls,
1068 1420 108 36 where
1198 1422 56 33 the
1280 1426 117 38 people
1419 1426 34 38 of

468 1460 42 30 all
529 1461 263 34 denominations
815 1467 95 30 could
936 1473 86 26 meet
1045 1479 41 21 on
1107 1481 18 20 a
1148 1482 152 22 common
1321 1476 129 41 footing

467 1511 63 30 and
555 1512 80 31 with
662 1515 94 39 equal
786 1515 135 38 interest
951 1518 31 35 in
1010 1519 56 34 the
1093 1523 100 30 work.
1242 1525 66 30 But
1330 1526 24 30 it
1380 1538 69 20 was

466 1561 144 31 foreseen
629 1563 72 31 that
720 1564 22 30 it
759 1567 108 30 would
891 1568 88 31 often
997 1570 38 30 be
1060 1571 189 41 impossible
1274 1580 33 32 to
1332 1587 114 24 secure

465 1612 139 31 suitable
622 1616 291 41 assembly-rooms
931 1620 33 36 of
978 1621 66 36 this
1062 1627 80 30 sort.
1191 1626 72 31 And
1281 1638 36 20 as
1335 1627 24 31 it
1377 1640 69 20 was

465 1662 40 39 by
530 1674 40 28 no
596 1674 114 27 means
733 1677 151 24 common
910 1674 33 28 to
968 1682 82 30 open
1071 1683 81 28 even
1176 1676 270 36 Nonconformist

466 1713 141 39 Chapels
627 1719 33 33 to
689 1718 189 41 gatherings
905 1721 108 38 where
1040 1734 41 25 an
1105 1725 247 35 admission-fee
1377 1742 69 20 was

465 1764 150 40 charged,
636 1767 60 37 Mr.
717 1767 78 36 Hall
813 1780 67 24 was
899 1773 96 39 again
1014 1773 33 38 of
1061 1775 115 42 timely
1194 1779 123 37 service
1335 1785 33 32 to
1388 1782 55 34 the

465 1824 161 31 company
641 1816 42 40 by
704 1818 50 39 his
780 1819 77 37 offer
874 1821 33 35 of
929 1822 120 42 Surrey
1073 1826 125 41 Chapel
1224 1833 33 34 to
1282 1830 92 36 them
1399 1833 48 34 for

464 1875 18 19 a
505 1865 74 39 paid
597 1872 141 33 concert.
786 1870 27 34 A
831 1872 147 32 crowded
1003 1875 157 33 audience
1186 1881 167 38 attended,
1381 1885 63 34 and

462 1915 54 31 the
534 1917 173 39 precedent
726 1919 76 37 thus
819 1923 200 33 established
1037 1935 68 22 was
1124 1927 33 31 of
1173 1931 99 31 much
1290 1933 108 32 value.

507 1968 159 32 Concerts
683 1980 83 20 were
783 1971 95 40 given
897 1974 31 37 in
946 1974 92 36 these
1062 1977 79 41 days
1168 1983 33 34 at
1225 1981 48 36 St.
1302 1984 142 40 James's

463 2017 77 30 Hall
561 2019 60 31 and
641 2020 93 31 other
749 2022 109 39 places
882 2024 33 37 of
941 2030 112 36 repute
1076 2028 48 39 for
1146 2029 174 37 first-class
1338 2040 103 28 enter-
