1725 2400
444 328 30 24 42

695 321 84 26 THE
797 318 179 36 JUBILEE
993 318 184 36 SINGERS.

785 844 222 33 CHAPTER
1030 843 60 33 VI.

715 939 72 23 the
812 939 135 23 second
971 937 189 25 campaign.

450 1019 130 30 Under
604 1018 102 31 God's
729 1016 147 39 blessing
897 1015 85 40 their
1003 1014 132 41 labours
1158 1012 65 43 had
1248 1011 100 45 saved
1371 1010 57 45 the

449 1068 193 39 University
664 1068 82 39 from
773 1066 212 42 suspending,
1004 1076 36 32 or
1067 1074 81 33 even
1170 1062 188 45 curtailing,
1386 1062 43 46 its

447 1120 99 30 work.
594 1120 66 30 But
687 1118 85 32 their
800 1128 143 26 success,
963 1127 35 27 so
1026 1116 60 38 far,
1104 1115 32 39 in
1161 1114 125 39 raising
1311 1123 118 30 money

447 1182 68 20 was
547 1170 119 40 chiefly
692 1169 150 42 valuable
869 1179 36 32 as
933 1167 153 44 evidence
1115 1165 73 45 that
1218 1176 19 35 a
1260 1175 74 36 way
1364 1164 65 47 had

449 1222 81 30 been
546 1221 100 30 found
663 1221 48 30 for
733 1219 172 39 obtaining
927 1218 56 40 the
1008 1216 99 42 much
1132 1217 106 41 larger
1260 1225 72 33 sum
1355 1215 74 43 that

449 1274 55 30 the
522 1272 192 32 necessities
731 1270 34 33 of
785 1269 57 34 the
859 1268 148 41 growing
1023 1267 91 42 work
1138 1266 162 42 required.
1358 1265 72 44 The

451 1324 133 39 Singers
605 1323 66 41 had
691 1320 147 43 received
861 1331 41 33 an
924 1319 176 45 invitation
1122 1322 35 42 to
1174 1317 198 46 participate
1396 1316 33 48 in

450 1375 56 30 the
531 1374 120 31 second
681 1371 144 33 World's
855 1371 105 33 Peace
984 1368 141 42 Jubilee,
1155 1372 34 38 to
1215 1368 39 42 be
1287 1367 76 43 held
1398 1367 33 43 in

451 1427 126 29 Boston
594 1424 33 32 in
649 1425 97 41 June.
806 1422 163 44 Stopping
985 1421 33 45 in
1036 1419 175 47 Nashville
1230 1419 86 47 little
1341 1428 91 37 more

450 1476 81 30 than
546 1487 18 20 a
577 1476 100 36 week,
696 1474 79 39 they
792 1473 95 41 again
904 1472 78 42 took
998 1472 55 42 the
1071 1470 87 43 field.
1206 1469 123 45 Giving
1341 1479 18 34 a
1373 1469 60 45 few

451 1530 150 27 concerts
622 1526 33 32 in
679 1524 137 36 Illinois,
837 1522 180 39 Michigan,
1043 1521 64 40 and
1129 1521 96 41 Ohio,
1243 1520 79 42 they
1345 1524 88 37 went

452 1590 41 19 on
519 1582 33 27 to
582 1578 137 31 Boston.
767 1576 96 33 Parts
891 1574 66 35 had
984 1574 81 35 been
1096 1571 154 40 assigned
1275 1571 91 40 them
1392 1581 41 30 on

451 1629 56 30 the
540 1637 225 30 programmes
798 1626 34 42 of
860 1624 125 43 several
1018 1624 90 43 days'
1143 1622 172 45 exercises.
1362 1621 72 46 The

453 1680 160 30 immense
645 1677 159 33 audience
835 1677 35 33 of
895 1685 118 32 40,000
1037 1674 117 42 people
1184 1684 69 33 was
1275 1673 160 44 gathered

452 1730 82 30 from
557 1729 42 31 all
616 1732 90 36 parts
724 1728 34 40 of
778 1728 57 39 the
860 1727 96 41 land;
982 1727 64 41 and
1064 1725 56 42 the
1138 1725 113 42 colour
1268 1724 167 44 prejudice

452 1780 72 30 that
542 1780 64 30 had
622 1778 150 33 followed
789 1778 57 33 the
864 1777 133 39 Singers
1011 1776 207 39 everywhere
1233 1776 203 40 reappeared

453 1832 75 30 here
546 1831 33 31 in
596 1830 55 32 the
669 1830 126 33 shower
812 1828 34 34 of
859 1828 108 34 brutal
985 1827 106 35 hisses
1109 1827 74 36 that
1201 1827 133 39 greeted
1352 1827 87 39 their

453 1884 69 30 first
546 1890 214 32 appearance.
808 1879 66 42 But
897 1878 56 43 the
978 1878 48 44 air
1049 1877 34 45 of
1104 1877 74 45 that
1203 1877 124 45 radical
1353 1878 83 44 New

454 1933 154 40 England
632 1932 67 42 city
721 1931 28 42 is
777 1934 57 39 not
860 1929 113 45 kindly
998 1932 35 41 to
1061 1928 246 45 colourphobia,
1327 1928 65 45 and
1416 1938 19 35 a

455 1985 115 39 deluge
588 1983 33 41 of
635 1982 156 42 applause
810 1980 167 45 answered
994 1980 63 45 and
1075 1978 153 46 drowned
1245 1978 56 46 the
1320 1977 113 47 insult.
