1733 2406
483 336 87 28 THE
594 338 109 27 VISIT
723 339 49 27 TO
792 341 328 28 PHILADELPHIA.

1261 353 33 27 45

301 426 34 27 at
354 422 57 32 the
429 425 195 39 suggestion
643 426 34 37 of
697 427 87 36 their
807 429 244 41 distinguished
1075 432 63 38 and
1163 432 132 38 faithful

300 473 118 39 friend,
439 475 91 36 Hon.
551 477 129 41 George
699 479 45 39 H.
765 480 125 39 Stuart,
915 481 35 38 of
971 482 240 41 Philadelphia,
1230 486 64 37 and

301 526 117 39 signed
436 527 44 41 by
497 529 82 39 such
597 532 261 38 representative
877 533 139 37 citizens
1033 545 36 25 as
1088 535 62 35 Mr.
1167 535 124 39 Stuart,

300 579 65 40 Jay
383 579 125 39 Cooke,
528 582 83 37 Rev.
632 582 59 36 Dr.
713 582 135 39 Hawes,
873 585 125 42 Bishop
1020 586 166 41 Simpson,
1212 589 80 38 Rev.

304 630 59 30 Dr.
382 630 155 40 Newton,
561 633 90 42 John
677 634 238 41 Wanamaker,
939 641 75 35 etc.,
1038 637 141 41 inviting
1201 639 91 39 them

302 684 35 27 to
353 681 78 32 visit
447 682 75 32 that
541 684 78 40 city.

345 732 72 31 The
438 734 170 42 Academy
630 736 34 40 of
691 737 118 39 Music,
829 749 60 27 one
906 738 34 38 of
963 740 56 36 the
1038 741 96 36 finest
1152 740 84 36 halls
1262 742 31 34 in

302 783 57 31 the
384 785 127 30 United
537 787 124 36 States,
684 787 66 36 had
773 789 81 35 been
877 789 129 34 refused
1029 802 18 21 a
1074 792 61 32 few
1161 792 134 31 months

302 835 110 31 before
440 836 49 31 for
513 847 42 21 an
580 838 135 30 address
739 839 42 41 by
804 851 19 29 a
851 840 125 39 United
1008 843 112 37 States
1149 847 144 33 senator,

303 888 143 30 because
462 888 41 31 he
520 899 69 21 was
607 900 19 20 a
642 890 97 31 black
756 902 89 21 man.
894 893 67 30 But
977 894 57 30 the
1052 904 115 21 names
1184 894 33 30 of
1238 895 56 30 the

304 939 246 40 distinguished
594 941 139 38 citizens
776 943 42 40 by
856 942 111 41 whose
1008 945 192 39 invitations
1239 947 56 36 the

309 990 136 40 Singers
472 1002 93 28 came
588 996 35 34 to
651 992 57 38 the
735 993 66 40 city
827 1005 84 29 were
938 996 164 38 sufficient
1124 999 33 34 to
1181 1007 113 27 secure

306 1042 25 30 it
348 1042 49 30 for
414 1041 87 32 their
519 1047 170 34 concerts;
709 1045 64 36 and
791 1044 56 36 the
871 1044 66 36 fact
955 1046 73 35 that
1046 1047 78 39 they
1141 1057 81 29 were
1239 1047 55 39 the

306 1093 72 30 first
402 1093 279 38 representatives
705 1095 34 36 of
763 1095 57 36 the
843 1095 153 36 coloured
1020 1107 74 24 race
1114 1101 33 30 to
1170 1107 126 30 occupy

309 1143 74 30 that
416 1143 156 39 platform
603 1155 83 30 gave
719 1155 18 29 a
770 1146 122 39 special
924 1146 211 39 significance
1167 1152 33 34 to
1239 1149 56 37 the

309 1194 168 30 occasion.
525 1195 72 31 The
623 1200 93 33 great
747 1195 149 41 building
924 1207 68 29 was
1016 1198 160 39 thronged
1200 1199 94 39 night

309 1246 84 30 after
421 1245 107 40 night,
548 1247 64 39 and
641 1247 24 39 it
693 1257 68 29 was
790 1258 60 27 one
879 1248 35 38 of
934 1248 56 38 the
1015 1253 86 33 most
1125 1249 171 39 profitable

310 1297 101 30 series
426 1297 35 30 of
475 1302 150 27 concerts
640 1308 75 20 ever
727 1298 96 41 given
841 1299 42 40 by
900 1298 56 41 the
975 1299 144 41 Singers,
1137 1299 107 40 before
1261 1311 36 29 or

310 1348 102 30 since.

353 1399 212 40 Application
598 1400 65 39 had
696 1401 80 39 been
809 1401 96 38 made
937 1404 33 35 to
1010 1402 123 37 several
1173 1402 32 37 of
1241 1402 54 37 the

310 1451 135 39 leading
472 1450 108 40 hotels
609 1452 49 39 for
681 1451 57 39 the
763 1452 258 39 entertainment
1050 1452 33 38 of
1104 1452 56 38 the
1189 1458 105 36 party.

310 1503 66 30 But
406 1512 41 20 no
474 1501 225 41 hotel-keeper
721 1502 65 40 had
810 1503 81 39 been
915 1502 99 40 found
1039 1503 79 39 with
1142 1503 55 39 the
1222 1514 73 28 con

309 1553 145 31 victions
484 1554 66 30 and
579 1563 141 29 courage
747 1558 34 34 to
810 1554 68 39 risk
905 1553 56 39 the
987 1553 110 39 odium
1125 1553 40 39 he
1191 1553 105 40 might

311 1605 95 30 incur
428 1603 26 32 if
475 1603 40 32 he
540 1603 162 32 admitted
725 1603 153 32 coloured
901 1607 125 35 guests,
1047 1602 63 39 and
1132 1602 78 41 they
1232 1602 65 41 had

309 1654 81 30 been
424 1653 183 39 compelled
640 1657 34 35 to
706 1652 76 40 take
814 1663 42 29 up
889 1652 232 40 inconvenient
1153 1651 63 41 and
1249 1652 45 40 in

311 1703 165 33 sufficient
495 1707 150 36 quarters
666 1703 33 40 in
723 1713 19 30 a
762 1703 97 40 small
882 1703 286 40 boarding-house.
1214 1702 83 41 This

311 1756 67 30 fact
411 1754 99 40 being
540 1753 192 41 mentioned
764 1758 33 36 at
829 1764 61 30 one
916 1753 34 41 of
973 1754 56 40 the
1055 1757 161 37 concerts,
1242 1754 56 40 the

310 1806 186 42 proprietor
519 1806 33 42 of
577 1806 57 42 the
657 1804 225 44 Continental,
902 1804 56 44 the
979 1805 74 43 best
1074 1804 89 44 hotel
1188 1804 32 44 in
1242 1805 56 43 the

312 1859 77 39 city,
408 1857 74 42 who
499 1867 68 31 was
585 1857 117 42 absent
720 1856 94 42 when
833 1855 201 43 application
1056 1865 66 33 was
1149 1854 93 44 made
1264 1859 32 39 at

310 1910 52 31 his
381 1908 103 39 office,
503 1912 33 35 at
557 1918 81 29 once
663 1907 195 40 announced
883 1906 74 41 that
978 1906 57 41 the
1058 1905 134 42 Singers
1212 1914 84 33 were
1338 1901 19 46 /

310 1962 159 31 welcome
495 1963 33 30 to
554 1970 36 23 as
614 1959 84 40 good
730 1956 305 43 accommodations
1060 1966 36 33 as
1119 1955 51 44 his
1194 1954 102 45 house

312 2011 156 33 afforded.
516 2008 246 41 Subsequently
780 2008 40 41 he
844 2006 204 43 entertained
1071 2005 90 44 them
1188 2004 32 45 in
1242 2006 55 43 the
