1725 2400
437 369 32 24 7°

689 360 84 25 THE
792 353 180 38 JUBILEE
990 351 181 39 SINGERS.

436 447 121 39 Ewing
569 447 159 39 Lecturer
738 454 40 31 on
795 440 107 45 Music
919 440 32 45 in
965 438 56 47 the
1035 435 228 50 Andersonian
1279 433 138 52 Univer¬

439 498 75 39 sity,
534 497 165 39 Glasgow,
718 494 34 42 of
769 504 19 32 a
812 491 100 45 series
934 489 35 47 of
990 488 143 48 articles,
1152 483 177 53 analysing
1351 482 68 54 this

440 549 82 39 style
554 547 34 40 of
617 546 115 42 music,
759 544 32 43 in
818 540 109 47 which
956 540 40 47 he
1026 538 69 49 said
1110 549 6 39 :
1152 538 19 49 "
1186 535 71 52 The
1287 533 132 54 highest

437 597 148 39 triumph
600 596 33 39 of
647 600 49 36 art
714 594 28 41 is
758 598 33 37 to
805 594 38 42 be
861 591 142 45 natural.
1050 588 72 47 The
1135 586 131 49 singing
1279 585 34 50 of
1326 585 94 50 these

439 651 167 34 strangers
622 645 28 40 is
668 656 35 30 so
720 644 131 42 natural
869 642 72 43 that
960 641 24 45 it
1002 640 77 45 does
1096 642 57 43 not
1171 642 33 44 at
1221 647 81 39 once
1320 635 100 51 strike

438 709 39 19 us
495 698 73 30 how
585 696 98 33 much
702 696 33 33 of
748 699 72 29 true
837 696 49 32 art
904 693 27 36 is
949 692 32 36 in
999 692 35 36 it,
1050 690 63 38 and
1131 690 74 39 how
1222 687 122 42 careful
1358 686 63 42 and

439 747 264 39 discriminating
719 747 60 39 has
795 746 81 39 been
901 744 57 41 the
981 741 145 44 training
1149 738 167 47 bestowed
1333 748 87 37 upon

439 800 90 30 them
558 799 42 39 by
621 798 86 40 their
730 794 244 45 accomplished
999 794 180 45 instructor
1210 791 63 48 and
1299 789 120 50 leader,

439 851 84 37 who,
552 849 126 39 though
706 848 134 41 retiring
864 846 81 42 from
970 843 110 45 public
1113 843 121 46 notice,
1268 840 154 48 deserves

439 906 92 36 great
552 901 118 40 praise.
717 899 82 42 Like
822 898 57 43 the
904 895 149 46 Swedish
1078 892 158 49 melodies
1260 891 35 50 of
1314 892 111 49 Jenny

442 952 96 36 Lind,
557 952 24 36 it
597 951 90 39 gives
705 960 18 29 a
741 960 72 30 new
830 948 138 42 musical
993 947 83 42 idea.
1125 945 30 44 It
1173 943 60 46 has
1251 943 81 46 been
1349 942 75 48 well

442 1002 170 30 remarked
629 1002 72 30 that
725 1001 32 32 in
780 1010 89 23 some
888 1002 145 35 respects
1050 996 25 41 it
1093 995 141 42 disarms
1253 992 171 45 criticism,

443 1053 33 30 in
493 1052 111 30 others
620 1050 26 33 it
663 1060 75 28 may
753 1050 39 39 be
809 1048 88 40 truly
910 1047 69 42 said
996 1046 73 42 that
1087 1044 24 44 it
1130 1044 120 45 almost
1269 1041 100 47 defies
1388 1040 36 48 it.

443 1104 30 29 It
489 1113 68 21 was
587 1101 194 38 beautifully
806 1097 168 42 described
999 1097 42 42 by
1066 1106 19 33 a
1111 1093 117 45 simple
1254 1092 172 47 Highland

444 1153 60 39 girl
519 1170 39 22 —
570 1153 51 39 'It
649 1151 89 42 filled
763 1161 55 32 my
842 1149 105 44 whole
978 1146 136 47 heart!'
1175 1143 72 49 The
1278 1143 149 50 richness

445 1205 63 30 and
525 1203 110 40 purity
651 1203 34 41 of
699 1207 87 36 tone,
806 1200 78 44 both
901 1199 33 45 in
952 1197 129 47 melody
1099 1197 63 47 and
1181 1196 171 48 harmony,
1371 1193 56 51 the

447 1259 144 27 contrast
605 1254 34 32 of
652 1254 83 39 light
750 1252 63 41 and
828 1251 112 42 shade,
953 1249 56 44 the
1023 1247 154 46 varieties
1191 1246 34 47 of
1238 1245 190 48 gentleness

447 1307 64 30 and
527 1305 164 39 grandeur
705 1303 33 42 in
755 1301 199 44 expression,
973 1300 64 45 and
1060 1299 57 46 the
1134 1296 162 49 exquisite
1314 1296 114 49 refine¬

447 1361 90 27 ment
554 1356 35 31 of
609 1355 56 33 the
689 1354 108 39 piano,
816 1364 36 30 as
875 1350 189 44 contrasted
1086 1348 79 45 with
1187 1348 55 45 the
1269 1356 109 37 power
1399 1346 34 48 of

448 1408 55 30 the
528 1407 93 36 forte,
640 1406 46 37 fill
708 1416 39 27 us
764 1404 80 39 with
864 1402 135 41 delight,
1020 1401 63 42 and
1104 1403 33 40 at
1161 1399 57 44 the
1242 1409 90 34 same
1349 1398 81 45 time

448 1458 96 30 make
560 1468 39 20 us
615 1457 62 31 feel
693 1456 73 32 how
783 1458 133 35 strange
932 1453 25 40 it
974 1452 28 41 is
1023 1452 74 42 that
1114 1450 93 43 these
1232 1448 197 45 unpretend¬

449 1510 55 38 ing
521 1509 126 39 singers
663 1506 117 42 should
798 1515 93 33 come
915 1513 77 35 over
1007 1503 75 45 here
1107 1505 33 43 to
1164 1500 97 48 teach
1287 1510 38 38 us
1341 1498 90 50 what

449 1560 28 30 is
504 1560 57 30 the
585 1563 73 27 true
686 1557 193 33 refinement
906 1555 34 35 of
965 1552 115 38 music,
1110 1551 96 39 make
1234 1560 39 30 us
1298 1549 62 41 feel
1389 1549 44 41 its

450 1610 102 30 moral
571 1610 65 30 and
653 1608 153 40 religious
823 1605 140 43 power."

493 1661 72 30 The
582 1661 130 30 labours
731 1659 33 32 of
777 1659 56 33 the
852 1658 134 39 Singers
1010 1656 33 40 in
1068 1653 194 43 connection
1280 1653 80 44 with
1377 1652 56 45 the

452 1711 162 39 meetings
638 1710 36 39 of
694 1711 135 39 Messrs.
849 1709 122 41 Moody
987 1707 65 42 and
1075 1705 134 45 Sankey
1224 1715 84 35 were
1326 1713 61 36 one
1404 1703 35 47 of

450 1762 68 39 the,
533 1766 85 35 most
645 1760 200 41 memorable
876 1759 143 42 features
1050 1758 34 42 of
1111 1757 68 44 this
1206 1757 77 44 visit
1314 1759 34 42 to
1379 1755 57 46 the

455 1811 117 30 North.
618 1809 94 39 They
725 1810 69 38 first
812 1812 66 36 met
896 1808 57 40 the
965 1806 201 42 evangelists
1184 1809 33 39 at
1233 1804 202 44 Newcastle-

453 1862 161 39 on-Tyne,
633 1860 63 41 and
713 1860 50 42 for
783 1869 90 32 some
898 1859 81 42 days
999 1859 69 42 lent
1089 1857 90 45 daily
1194 1857 186 45 assistance
1404 1855 33 46 in

453 1913 56 30 the
538 1916 91 36 great
660 1911 101 41 work.
822 1909 102 42 Their
956 1918 99 33 songs
1085 1918 84 33 were
1201 1907 101 45 found
1333 1911 34 40 to
1400 1907 38 45 be

454 1963 175 40 especially
649 1962 139 41 adapted
804 1965 35 39 to
855 1961 75 42 help
955 1970 40 33 on
1012 1959 56 44 the
1086 1959 133 45 revival.
1269 1959 72 44 One
1358 1958 81 45 inci¬

454 2016 77 30 dent
557 2013 31 32 in
613 2013 194 33 connection
831 2011 79 34 with
931 2021 60 24 one
1017 2010 34 35 of
1071 2010 56 35 the
1152 2010 153 39 noonday
1323 2020 117 30 prayer
