1725 2400
495 364 48 18 ioo

492 438 69 30 tion
591 438 34 31 of
648 438 57 31 her
731 435 120 40 pupils.
900 433 39 42 In
964 430 195 45 connection
1188 429 81 46 with
1295 428 58 47 her
1377 426 100 48 work,

495 489 57 29 she
594 486 173 39 organised
803 483 64 42 and
906 480 184 45 conducted
1128 490 19 35 a
1179 478 138 47 Sunday
1329 495 9 30 -
1353 477 123 48 school.

495 539 110 30 When
627 537 57 32 she
705 534 112 39 joined
843 534 56 40 the
922 532 128 42 Jubilee
1077 531 147 43 Singers,
1250 528 33 45 in
1310 528 92 46 1872,
1422 528 57 46 she

493 598 68 20 was
576 586 147 39 engaged
737 585 32 39 in
783 582 175 42 preparing
971 582 48 43 for
1032 581 55 44 the
1102 579 200 46 graduating
1318 578 161 47 exercises

495 637 35 30 of
543 637 57 30 the
616 635 127 33 normal
762 643 124 24 course.

540 738 162 30 Georgia
720 736 180 33 Gordon's
918 733 247 42 grandmother,
1184 743 42 32 on
1243 732 58 42 her
1324 732 156 43 mother's

496 789 79 37 side,
594 798 68 28 was
687 798 18 28 a
732 786 100 40 white
853 796 130 30 woman
1008 785 34 42 of
1063 783 229 43 Scotch-Irish
1317 788 161 39 ancestry,

496 841 73 29 who
598 839 140 31 married
761 839 58 31 her
838 848 72 22 own
932 837 102 33 slave.
1094 837 47 33 Or
1164 836 111 34 rather
1292 835 78 39 they
1395 835 84 39 lived

496 891 151 39 together
664 891 32 39 in
714 889 125 41 fidelity
856 900 36 30 as
915 898 77 32 man
1015 887 64 43 and
1101 886 84 44 wife,
1203 887 57 43 the
1287 890 142 40 statutes
1452 887 32 43 of

496 942 56 30 the
585 942 93 30 State
710 940 185 39 forbidding
924 940 56 39 the
1014 938 250 42 intermarriage
1296 937 34 42 of
1364 937 117 42 whites

498 993 63 30 and
578 992 113 30 blacks
710 991 177 39 according
902 994 33 36 to
952 990 56 39 the
1026 990 100 40 forms
1144 989 34 41 of
1193 990 72 40 law.
1305 988 96 42 They
1416 989 65 41 had

498 1054 18 19 a
542 1044 89 37 large
659 1043 114 39 family
798 1041 34 40 of
854 1041 158 40 children,
1030 1041 84 41 who,
1134 1040 167 42 following
1327 1040 42 42 by
1393 1040 87 42 slave

498 1095 63 30 law
576 1095 57 30 the
651 1093 166 31 condition
837 1092 33 32 of
884 1092 56 32 the
958 1092 139 37 mother,
1116 1101 84 27 were
1217 1091 173 38 free-born.

542 1144 170 39 Georgia's
744 1143 129 40 mother
903 1143 162 41 inherited
1098 1143 99 41 much
1228 1143 34 41 of
1296 1143 56 41 the
1383 1143 96 41 tradi

498 1195 104 30 tional
635 1195 122 30 Scotch
771 1214 9 12 -
797 1194 85 32 Irish
916 1194 152 39 capacity
1117 1193 63 40 and
1232 1193 182 40 sturdiness
1452 1194 33 39 of

499 1248 181 30 character.
750 1246 189 39 Beginning
982 1246 42 39 by
1068 1245 131 40 cutting
1242 1245 63 39 and
1350 1245 132 40 making

499 1299 127 30 dresses
657 1298 48 31 for
735 1297 58 32 her
825 1297 93 36 dolls,
952 1296 57 38 she
1042 1296 146 37 became,
1223 1306 80 27 even
1334 1296 96 38 while
1464 1307 18 27 a

497 1350 74 39 girl,
609 1360 19 29 a
666 1347 195 42 self-taught
907 1348 58 41 but
1005 1347 137 42 capable
1182 1350 197 39 seamstress
1417 1347 64 42 and

499 1400 216 31 dressmaker.
764 1399 65 32 She
861 1409 87 29 grew
979 1409 42 29 up
1055 1398 139 40 without
1222 1398 111 39 school
1359 1398 119 40 advan

498 1457 93 35 tages
605 1462 8 30 ;
639 1452 57 40 but
721 1454 33 38 at
776 1450 123 42 church
917 1459 60 33 one
1002 1449 73 42 day,
1103 1449 56 42 the
1182 1452 78 39 text,
1281 1449 108 43 which
1413 1460 67 32 was

497 1503 57 30 the
585 1503 71 30 first
684 1512 93 21 verse
810 1501 34 33 of
864 1501 56 33 the
944 1500 113 40 gospel
1083 1500 33 40 of
1140 1500 48 40 St.
1205 1500 100 42 John,
1325 1499 157 43 specially

499 1552 163 33 attracted
693 1553 59 32 her
789 1551 147 38 interest,
970 1551 64 39 and
1070 1551 57 39 she
1161 1550 193 39 committed
1387 1550 25 39 it
1448 1554 33 35 to

498 1614 157 30 memory.
714 1604 51 41 On
794 1603 156 42 reaching
976 1602 97 42 home
1106 1602 57 42 she
1193 1602 77 43 took
1301 1601 56 44 the
1386 1601 95 44 Bible

498 1657 63 30 and
579 1660 56 35 got
652 1666 90 29 some
760 1665 60 30 one
845 1655 73 40 who
939 1654 96 41 could
1058 1655 76 40 read
1159 1657 34 38 to
1215 1653 67 42 find
1305 1653 66 42 this
1390 1663 91 32 verse

497 1707 48 30 for
571 1707 69 30 her.
689 1707 139 38 Picking
855 1710 57 34 out
939 1705 57 39 the
1024 1706 108 39 words
1158 1716 61 29 one
1250 1705 43 39 by
1323 1714 72 30 one,
1424 1704 58 40 she

498 1757 131 30 learned
653 1757 90 30 them
770 1756 42 30 all
835 1756 42 39 by
898 1756 100 39 sight.
1045 1755 95 39 Then
1170 1755 57 39 she
1248 1755 156 40 searched
1426 1755 56 40 the

498 1808 94 30 Bible
613 1806 49 31 for
684 1807 107 30 words
812 1806 65 31 like
897 1806 102 31 them.
1049 1806 103 32 Little
1175 1807 42 38 by
1239 1805 86 40 little
1348 1806 58 39 she
1427 1810 55 36 got

496 1858 56 30 the
577 1858 71 30 clue
675 1862 33 26 to
738 1866 72 21 new
832 1857 117 31 words.
997 1856 72 32 And
1095 1866 46 26 so,
1163 1857 153 37 unaided,
1337 1857 63 36 and
1425 1868 56 26 un

497 1910 117 29 known
632 1912 34 27 to
684 1918 63 28 any
765 1917 60 30 one
843 1908 77 39 else,
940 1908 57 39 she
1017 1906 132 40 learned
1169 1912 33 34 to
1221 1908 89 38 read.

541 1959 168 39 Marrying
726 1968 19 30 a
762 1959 99 39 slave,
881 1958 57 40 she
962 1967 68 31 was
1059 1957 72 41 able
1152 1958 41 40 by
1209 1958 59 40 her
1289 1958 93 40 trade
1404 1969 37 29 as
1464 1969 19 29 a

498 2010 215 33 dressmaker,
732 2013 56 30 not
806 2008 77 39 only
899 2012 33 36 to
957 2016 76 31 earn
1059 2017 18 30 a
1099 2008 102 39 living
1221 2008 48 39 for
1290 2009 57 39 her
1367 2009 115 39 family
