1725 2400
544 351 190 27 AMERICA
760 354 43 25 W.
824 353 216 27 ROBINSON.

1246 363 45 19 ior

299 433 65 30 and
387 434 81 30 send
488 433 59 31 her
569 435 150 31 children
742 439 33 27 to
799 435 123 38 school,
941 436 58 37 but
1020 435 57 38 she
1102 437 69 36 also
1197 435 92 38 hired

298 483 59 31 her
372 485 183 32 husband's
572 486 81 31 time
675 486 34 30 of
731 487 51 30 his
801 487 150 30 mistress
967 487 48 30 for
1032 498 89 20 more
1137 488 81 30 than
1236 486 51 31 his

299 546 112 30 wages
435 538 110 38 would
572 542 138 34 amount
736 543 45 34 to,
812 539 74 38 that
917 538 79 41 they
1027 539 105 40 might
1158 539 43 40 all
1226 538 63 41 live

299 588 154 39 together
469 589 33 38 in
519 588 87 39 their
623 600 72 27 own
713 590 108 37 home.

343 639 144 40 Georgia
519 651 69 29 was
619 640 81 39 born
732 641 33 39 in
806 640 184 39 Nashville,
1023 642 33 38 in
1083 642 204 39 September,

300 691 93 40 1855.
451 692 66 39 She
542 692 107 39 began
672 696 36 35 to
732 694 115 37 attend
873 693 57 39 the
958 693 82 38 Fisk
1067 694 121 37 School
1211 704 79 30 very

300 753 80 20 soon
398 743 84 30 after
499 743 24 30 it
543 753 69 20 was
630 744 138 39 opened,
788 744 64 39 and
868 744 109 39 would
996 745 84 38 have
1097 744 132 39 entered
1246 744 43 39 its

301 794 186 31 Freshman
505 795 87 30 class
613 795 33 30 in
671 795 81 39 1872
776 795 66 39 had
866 795 57 39 she
949 800 57 34 not
1032 795 66 39 laid
1120 796 90 38 aside
1231 795 59 39 her

300 845 126 31 studies
450 846 74 31 that
547 856 79 30 year
648 849 34 36 to
708 846 70 40 join
801 846 57 39 the
886 846 129 41 Jubilee
1043 846 147 40 Singers,
1208 846 81 40 with

298 897 111 30 whom
441 897 60 30 she
533 897 61 30 has
625 897 82 30 been
739 897 150 39 engaged
921 908 75 29 ever
1020 897 102 39 since.
1171 897 66 39 She
1262 897 27 39 is

301 948 68 30 still
396 948 124 40 hoping
544 948 73 40 that
641 948 24 40 it
690 959 76 30 may
791 954 56 35 not
867 948 39 40 be
934 952 55 36 too
1016 948 65 40 late
1106 949 49 39 for
1175 949 59 39 her
1254 953 34 36 to

301 1003 112 27 return
432 999 64 30 and
518 999 99 31 finish
639 999 57 31 the
720 1010 115 21 course
860 999 83 31 after
964 999 56 31 the
1047 999 135 39 Singers
1204 999 84 40 shall

302 1050 84 30 have
412 1050 247 39 accomplished
686 1050 87 39 their
797 1050 90 39 work
915 1050 34 39 of
970 1050 124 40 raising
1121 1050 97 39 funds
1242 1050 48 40 for

303 1102 56 30 the
377 1101 210 32 endowment
606 1101 33 33 of
653 1101 57 33 the
729 1101 204 41 University.

345 1204 72 31 The
435 1205 108 30 father
559 1203 35 32 of
606 1204 171 31 America
795 1205 55 31 W.
867 1205 182 31 Robinson
1062 1215 66 21 was
1145 1204 56 32 the
1219 1214 68 27 son,

303 1257 42 39 by
362 1267 19 29 a
402 1257 247 39 slave-woman,
669 1256 34 40 of
724 1255 51 41 his
798 1266 72 30 own
888 1259 134 37 master,
1039 1255 73 41 who
1129 1254 160 42 belonged

302 1312 34 26 to
354 1318 60 20 one
432 1308 33 30 of
486 1308 57 30 the
561 1307 105 31 oldest
684 1307 64 31 and
765 1311 87 27 most
870 1306 207 32 aristocratic
1095 1305 141 33 families
1259 1305 34 33 of

303 1359 162 40 Virginia.
513 1358 72 41 The
606 1358 87 41 child
711 1358 34 41 of
769 1358 56 41 the
842 1357 234 42 bond-woman
1092 1368 68 31 was
1177 1356 114 42 kindly

303 1410 129 30 treated
450 1410 64 30 and
531 1409 120 40 taught
667 1413 34 36 to
719 1409 76 40 read
813 1409 42 40 by
871 1408 51 41 his
939 1410 151 39 master's
1113 1407 124 42 family,
1256 1411 34 38 to

303 1461 109 30 whom
440 1461 52 31 his
520 1460 217 40 relationship
764 1470 68 30 was
861 1470 42 30 no
935 1463 117 37 secret.
1100 1459 67 41 But
1194 1458 96 42 when

303 1512 91 30 there
422 1523 93 20 came
543 1523 19 20 a
590 1511 177 40 shrinkage
800 1511 33 40 in
864 1509 86 42 their
980 1510 141 41 fortune,
1151 1509 41 42 he
1222 1518 68 33 was

304 1564 81 37 sold,
418 1563 74 38 that
530 1563 51 39 his
621 1572 90 29 more
750 1562 165 39 fortunate
954 1560 234 42 half-brothers
1227 1559 63 42 and

305 1614 114 31 sisters
450 1614 107 39 might
585 1613 82 41 keep
693 1623 36 30 as
754 1612 100 42 much
881 1611 34 43 of
938 1611 87 43 their
1049 1610 53 44 old
1126 1620 75 34 ease
1227 1609 63 45 and

304 1668 118 37 luxury
446 1676 36 29 as
507 1665 96 40 could
624 1665 39 40 be
687 1662 184 42 purchased
896 1661 81 44 with
996 1661 56 44 the
1074 1671 120 33 money
1215 1660 75 45 paid

306 1717 49 30 for
371 1716 69 31 him
456 1716 42 40 by
516 1716 57 40 the
592 1714 225 42 slave-trader.

350 1767 65 30 His
429 1777 72 20 new
512 1776 111 21 owner
636 1765 84 32 lived
732 1775 78 22 near
824 1764 252 39 Murfreesboro,
1089 1763 201 39 Tennessee,

306 1819 65 30 and
395 1818 41 31 he
461 1816 141 33 married
628 1827 19 22 a
671 1817 90 33 slave
785 1826 141 27 woman,
951 1816 85 37 who,
1055 1815 64 38 like
1147 1814 142 39 himself,

305 1881 69 20 was
416 1873 73 36 part
528 1868 112 41 white.
699 1868 88 41 Here
831 1866 152 42 America
1021 1877 69 32 was
1128 1866 92 43 born,
1259 1865 33 44 in

304 1923 160 40 January,
486 1920 92 42 1855.

350 1976 54 30 He
434 1985 69 21 was
534 1985 20 21 a
583 1973 86 40 good
700 1977 183 36 carpenter,
915 1971 65 42 and
1013 1971 95 42 when
1138 1970 56 43 the
1224 1978 69 35 war

306 2027 99 32 broke
432 2031 57 28 out
521 2025 51 34 his
602 2028 125 31 master
759 2023 126 36 started
918 2034 18 25 a
966 2032 66 30 gun
1065 2022 136 40 factory,
1228 2019 62 42 and
