1725 2400
507 333 240 32 PREPARING
769 336 49 30 TO
840 336 50 30 GO
909 337 177 30 ABROAD.
1257 348 33 27 49

339 420 74 32 The
441 422 126 41 project
597 424 35 39 of
653 424 136 41 visiting
817 426 155 40 England
999 426 80 40 with
1108 438 19 28 a
1147 427 82 39 view
1253 432 33 34 to

295 471 128 42 raising
443 474 99 39 funds
562 476 49 37 for
634 476 44 37 its
698 477 212 39 completion,
928 477 65 39 had
1020 478 81 39 been
1125 479 49 38 for
1197 489 90 27 some

295 523 82 31 time
410 525 105 31 under
546 528 167 39 prayerful
750 529 255 38 consideration.
1069 530 131 40 During
1231 531 56 39 the

295 575 119 32 winter
430 578 189 40 campaign,
639 579 24 39 it
682 590 68 28 was
768 580 135 38 decided
921 585 33 33 to
976 585 83 33 start
1079 582 88 40 early
1181 582 32 39 in
1230 582 57 40 the

297 627 124 41 spring,
440 630 64 38 and
528 631 57 36 the
612 630 128 40 closing
756 632 90 39 work
867 632 33 39 of
921 633 56 38 the
995 643 117 27 season
1130 633 78 38 took
1230 633 57 38 the

296 678 102 40 shape
417 679 35 39 of
472 680 144 39 farewell
642 687 150 31 concerts
816 683 33 36 in
875 684 83 35 New
981 684 99 37 York,
1109 684 177 40 Brooklyn,

297 730 141 38 Boston,
465 732 213 38 Providence,
705 734 64 36 and
798 734 188 36 elsewhere.
1038 735 71 34 One
1133 735 95 39 given
1255 735 31 39 in

296 781 140 38 Boston,
457 782 118 37 March
597 784 91 37 26th,
707 783 33 38 in
758 795 156 28 response
930 789 33 34 to
982 796 18 27 a
1017 790 132 35 request
1174 786 114 39 signed

295 831 42 40 by
350 833 173 39 Governor
537 834 132 38 Claflin,
682 836 154 36 Wendell
849 836 150 40 Phillips,
1016 836 150 40 William
1182 837 105 39 Lloyd

297 884 171 38 Garrison,
486 886 82 36 Rev.
588 887 41 35 E.
642 887 40 35 E.
698 888 98 37 Hale,
813 888 58 37 Dr.
888 888 90 37 Kirk,
996 887 139 40 Phillips
1149 888 136 39 Brooks,

296 936 64 30 and
378 936 126 30 several
523 937 95 30 other
635 937 147 31 eminent
800 938 148 37 citizens,
963 949 68 26 was
1044 938 56 37 the
1118 942 87 33 most
1217 949 70 26 suc¬

296 987 132 38 cessful,
447 987 203 41 financially,
672 989 74 39 that
771 989 57 39 the
852 990 135 39 Singers
1012 989 64 40 had
1101 999 74 30 ever
1191 989 96 40 given

295 1037 33 31 in
346 1038 75 31 that
438 1038 78 40 city.

339 1089 75 30 And
432 1100 35 20 so
484 1090 57 30 the
558 1090 146 31 winter's
721 1092 90 31 work
829 1092 87 31 drew
932 1095 34 27 to
985 1102 18 21 a
1020 1092 99 31 close.
1168 1092 48 30 Its
1231 1096 55 27 net

297 1140 105 30 result
420 1152 69 20 was
513 1141 57 30 the
597 1142 147 31 addition
774 1143 35 30 of
829 1143 139 30 another
987 1140 141 39 $20,000
1148 1146 33 33 to
1202 1143 86 37 their

295 1191 91 38 fund,
414 1192 136 40 making
573 1191 141 42 $40,000
738 1194 73 39 that
839 1194 79 39 they
945 1194 64 39 had
1038 1204 74 29 now
1139 1195 145 38 secured.

296 1242 97 32 With
411 1244 184 30 exultation
614 1245 65 30 and
696 1245 234 31 thankfulness
948 1255 36 21 as
1001 1245 79 40 they
1096 1245 141 40 thought
1256 1245 33 39 of

296 1298 75 36 past
401 1305 147 29 success,
577 1296 65 38 and
666 1295 81 39 with
775 1296 80 40 high
882 1296 102 40 hopes
1010 1296 48 40 for
1086 1296 56 40 the
1165 1296 118 40 future,

296 1346 230 39 preparations
543 1357 84 28 were
645 1351 33 34 at
696 1357 81 28 once
795 1347 96 39 made
908 1347 48 39 for
968 1347 55 39 the
1036 1346 76 39 visit
1130 1350 33 35 to
1182 1347 102 38 Great

297 1396 142 31 Britain.
487 1398 88 40 Very
593 1398 123 40 cordial
741 1398 114 39 letters
884 1398 33 40 of
938 1398 234 40 introduction,
1198 1407 87 30 com¬

297 1448 159 40 mending
472 1449 57 39 the
547 1449 107 39 music
672 1449 64 39 and
754 1448 137 40 mission
909 1449 33 39 of
963 1449 56 39 the
1038 1448 144 40 Singers,
1200 1459 84 29 were

296 1499 98 39 given
411 1500 42 39 by
470 1500 57 39 the
551 1509 179 30 governors
754 1500 34 39 of
809 1500 62 39 five
896 1500 34 39 of
950 1499 56 40 the
1032 1500 82 39 New
1131 1500 154 39 England

298 1550 123 37 States,
443 1551 82 36 Rev.
546 1551 117 39 Henry
680 1550 105 39 Ward
804 1550 158 39 Beecher,
982 1550 89 39 Hon.
1092 1550 128 39 George
1239 1550 45 39 H.

298 1601 126 38 Stuart,
456 1602 129 38 George
615 1600 213 39 MacDonald
891 1600 79 39 then
999 1611 41 29 on
1073 1610 18 30 a
1123 1599 162 40 lecturing

297 1655 75 27 tour
388 1650 33 31 in
440 1651 264 30 America—and
729 1650 94 31 other
846 1650 185 32 influential
1056 1650 132 32 friends.
1236 1650 50 32 An

298 1713 84 29 open
414 1701 98 40 letter
543 1702 83 39 from
661 1702 169 39 Governor
862 1702 131 39 Brown,
1023 1701 34 41 of
1086 1701 198 41 Tennessee,

298 1752 204 40 bespeaking
532 1752 117 41 favour
678 1752 49 40 for
757 1752 87 41 their
874 1752 99 41 work,
1006 1762 67 30 was
1110 1751 177 42 especially

297 1803 154 31 valuable
477 1814 36 21 as
537 1803 133 40 coming
694 1803 82 40 from
798 1803 57 40 the
877 1802 88 41 chief
990 1802 195 41 magistrate
1210 1803 33 40 of
1269 1812 18 30 a

298 1854 279 31 commonwealth
594 1854 74 32 that
684 1865 69 21 was
771 1865 35 21 so
823 1854 147 40 recently
987 1865 18 29 a
1024 1854 88 40 slave
1131 1854 104 40 State.

339 1905 97 41 They
453 1917 85 30 were
555 1910 57 36 not
630 1909 34 37 to
681 1908 55 38 get
760 1916 102 30 away,
882 1905 162 42 however,
1062 1903 138 43 without
1219 1902 66 44 still

297 1958 141 31 another
462 1956 133 33 conflict
624 1956 81 33 with
735 1959 90 30 caste
854 1955 195 40 prejudices.
1098 1953 104 42 Cabin
1235 1964 51 31 ac¬

297 2008 267 32 commodations
588 2018 85 22 were
698 2007 129 33 refused
855 2006 55 34 the
936 2010 95 36 party
1054 2005 42 40 by
1120 2015 59 30 one
1205 2004 83 42 after

786 2067 17 31 5
