1725 2400
1293 348 31 26 25

674 815 223 31 CHAPTER
922 816 59 31 IV.

627 908 117 23 light
768 909 36 22 in
828 909 73 22 the
924 909 96 23 east.

1383 966 12 14 \

333 984 69 31 Mr.
426 984 135 30 White
586 984 66 31 had
675 985 65 31 laid
765 990 57 27 out
846 986 56 30 the
927 987 76 39 plan
1029 986 33 39 of
1083 985 51 40 his
1158 986 64 39 trip
1239 985 79 40 with

332 1035 123 39 special
473 1035 165 39 reference
662 1040 34 34 to
718 1036 157 39 reaching
893 1037 135 39 Oberlin
1045 1036 32 39 in
1095 1037 79 39 time
1192 1042 32 33 to
1242 1037 72 39 sing

330 1086 109 31 before
465 1086 57 30 the
549 1086 160 30 National
735 1087 138 30 Council
899 1087 33 30 of
953 1088 56 30 the
1035 1088 278 39 Congregational

333 1137 183 37 Churches,
535 1137 108 36 which
660 1148 69 26 was
746 1142 33 32 to
798 1138 163 36 assemble
979 1138 90 36 there
1093 1149 40 24 on
1155 1139 55 35 the
1236 1139 77 39 15th

330 1188 35 30 of
390 1188 199 30 November.
639 1188 194 40 Consisting
864 1199 36 29 as
931 1188 24 39 it
987 1189 108 39 would
1122 1189 34 39 of
1185 1189 131 40 leading

332 1238 279 40 Congregational
629 1239 169 39 ministers
816 1239 64 39 and
897 1239 131 39 laymen
1052 1239 83 39 from
1157 1240 43 39 all
1224 1245 89 36 parts

331 1289 33 30 of
391 1289 57 30 the
477 1290 88 36 land,
600 1290 65 36 and
696 1290 159 40 specially
887 1290 228 39 representing
1145 1290 56 39 the
1239 1302 72 27 con¬

330 1339 173 40 stituency.
525 1341 35 39 of
583 1340 57 39 the
666 1341 178 39 American
871 1340 199 41 Missionary
1094 1341 218 39 Association,

330 1390 40 30 he
388 1391 123 39 argued
528 1391 74 39 that
619 1395 33 35 to
669 1395 54 36 get
742 1402 18 28 a
777 1392 137 39 hearing
930 1392 107 39 before
1063 1392 23 39 it
1111 1392 107 38 would
1242 1392 71 39 give

329 1441 68 30 him
414 1443 152 38 leverage
585 1442 33 39 of
632 1446 93 35 great
743 1443 184 39 advantage
951 1442 49 39 for
1023 1442 51 39 his
1095 1443 99 38 work.
1241 1444 71 37 And

329 1492 51 30 his
397 1493 177 39 reasoning
589 1503 69 29 was
676 1497 57 35 not
750 1497 33 35 at
801 1493 94 39 fault.

370 1543 72 30 The
458 1543 139 32 Council
615 1544 180 31 consented
813 1548 33 27 to
864 1543 79 32 hear
959 1554 18 21 a
993 1543 61 32 few
1071 1542 107 39 pieces
1196 1543 116 39 during

329 1605 18 19 a
378 1605 110 20 recess
528 1594 32 30 in
600 1593 88 31 their
719 1593 244 31 deliberations.
1011 1593 196 39 Everybody
1242 1604 68 29 was

330 1645 177 39 delighted.
547 1645 28 39 A
592 1644 175 41 collection
783 1644 34 41 of
830 1641 173 43 over$130
1020 1653 67 31 was
1104 1644 99 41 taken
1223 1654 85 30 upon

328 1696 57 30 the
403 1699 90 36 spot;
522 1695 65 40 and
610 1695 57 40 the
692 1694 75 42 seed
792 1704 89 31 sown
905 1704 69 31 was
997 1694 147 42 destined
1173 1698 33 37 to
1233 1695 77 41 bear

329 1747 99 30 much
446 1746 108 31 richer
570 1745 78 33 fruit
666 1746 82 32 after
765 1755 99 29 many
882 1745 90 39 days.
1018 1743 80 41 Two
1116 1744 34 40 of
1168 1746 57 39 the
1243 1755 66 29 sec¬

327 1798 137 30 retaries
491 1797 35 32 of
549 1797 57 32 the
632 1795 208 33 Association
870 1805 83 24 were
978 1798 142 36 present,
1140 1795 63 39 and
1232 1795 77 39 they

328 1849 118 40 agreed
468 1848 75 41 that
567 1848 24 42 it
599 1857 69 32 was
691 1846 166 43 advisable
875 1846 48 43 for
948 1845 62 44 Mr.
1030 1845 113 44 White
1160 1851 33 39 to
1211 1845 82 44 push

328 1910 40 20 on
388 1898 176 32 eastward.
612 1897 49 33 To
679 1896 117 33 relieve
821 1896 68 33 him
912 1896 34 34 of
972 1905 90 24 some
1086 1895 33 35 of
1144 1895 51 35 his
1219 1905 89 25 over¬

327 1951 75 30 load
420 1950 35 32 of
468 1960 85 25 care,
573 1949 62 36 Mr.
655 1948 40 37 G.
716 1948 33 37 S.
770 1947 97 38 Pope,
885 1945 153 40 formerly
1055 1946 32 39 in
1112 1945 54 40 the
1184 1944 121 41 service

327 2001 34 31 of
380 2002 57 30 the
454 1998 210 34 Association
687 1998 33 35 in
747 1997 42 36 its
807 1996 90 36 work
921 2005 121 28 among
1057 1995 56 39 the
1131 1994 174 39 freedmen,
