1725 2400
480 442 211 42 PREFACE
718 445 60 40 TO
807 447 99 39 THE
931 447 154 42 MUSIC.

282 603 39 27 In
343 602 98 39 giving
463 605 81 36 these
564 606 141 36 melodies
720 612 30 29 to
766 608 49 33 the
831 609 90 33 world
936 608 30 33 in
981 618 17 23 a
1012 607 128 39 tangible
1155 609 81 37 form,
1253 609 22 38 it

282 659 95 20 seems
400 651 144 30 desirable
564 658 30 24 to
611 663 50 27 say
675 664 17 27 a
712 655 54 36 few
780 655 95 36 words
897 657 90 34 about
1008 656 80 35 them
1113 666 31 24 as
1164 657 111 36 judged

282 696 74 28 from
380 708 17 18 a
417 698 121 29 musical
558 700 190 37 stand-point.
802 702 28 35 It
852 701 24 36 is
903 701 108 36 certain
1036 703 62 34 that
1122 703 48 34 the
1196 702 80 35 critic

283 744 100 28 stands
406 746 177 37 completely
606 746 147 37 disarmed
779 747 30 36 in
830 747 75 36 their
929 758 149 27 presence.
1123 750 50 35 He
1198 756 77 30 must

280 795 53 24 not
363 791 69 36 only
456 792 151 37 recognise
636 792 74 36 their
735 793 143 36 immense
903 804 98 27 power
1025 804 69 27 over
1116 795 158 36 audiences

280 835 93 29 which
396 837 118 30 include
536 844 87 32 many
645 840 107 36 people
774 840 33 36 of
825 841 48 35 the
896 840 115 37 highest
1034 841 119 36 culture,
1177 843 60 35 but,
1254 842 24 36 if

281 883 38 27 he
341 884 37 27 be
398 889 52 23 not
474 885 175 38 thoroughly
665 886 126 36 encased
811 885 30 37 in
864 886 159 37 prejudice,
1040 888 37 36 he
1098 893 77 30 must
1196 888 78 38 yield

282 939 17 18 a
314 929 105 30 tribute
435 931 33 27 of
485 930 174 30 admiration
682 942 39 18 on
741 933 44 29 his
808 942 64 19 own
894 939 72 31 part,
984 934 60 36 and
1065 934 207 37 acknowledge

282 976 61 27 that
359 976 82 28 these
457 987 87 28 songs
562 979 88 36 touch
666 988 16 27 a
698 979 91 36 chord
804 978 93 36 which
913 980 49 35 the
978 985 77 30 most
1071 987 201 28 consummate

281 1027 44 23 art
339 1022 62 29 fails
414 1029 29 23 to
459 1024 92 28 reach.
597 1025 171 37 Something
783 1026 33 36 of
834 1025 54 37 this
905 1026 89 36 result
1008 1026 23 36 is
1047 1027 150 35 doubtless
1215 1029 57 33 due

282 1073 30 24 to
335 1069 49 28 the
406 1068 109 39 singers
536 1080 30 27 as
582 1071 63 36 well
660 1081 31 26 as
708 1077 30 30 to
755 1071 73 36 their
846 1071 150 36 melodies.
1041 1074 65 33 The
1128 1075 143 32 excellent

281 1114 156 38 rendering
459 1116 33 36 of
510 1116 49 36 the
579 1116 116 36 Jubilee
711 1118 84 35 Band
812 1117 22 36 is
851 1119 86 34 made
959 1128 80 25 more
1062 1119 131 34 effective
1214 1122 59 31 and

280 1161 50 28 the
345 1161 120 29 interest
480 1162 23 29 is
519 1162 167 30 intensified
702 1164 39 36 by
756 1164 49 36 the
820 1164 185 36 comparison
1028 1166 33 35 of
1079 1166 73 35 their
1167 1167 107 33 former

280 1212 74 24 state
371 1209 33 27 of
422 1209 112 37 slavery
548 1210 59 36 and
623 1209 191 37 degradation
828 1210 67 36 with
912 1212 48 35 the
980 1218 118 30 present
1119 1219 151 31 prospects

279 1254 60 28 and
360 1254 93 37 hopes
476 1256 33 36 of
527 1255 74 36 their
621 1266 75 26 race,
713 1256 93 36 which
823 1257 97 34 crowd
935 1267 81 27 upon
1032 1267 84 29 every
1131 1258 139 38 listener's

279 1299 84 30 mind
378 1301 105 38 during
504 1302 49 36 the
574 1302 114 38 singing
711 1303 33 36 of
762 1302 75 38 their
858 1312 96 28 songs.
998 1305 57 36 Yet
1071 1305 48 36 the
1134 1314 99 27 power
1248 1306 23 36 is

279 1346 105 39 chiefly
396 1347 29 38 in
441 1349 48 36 the
505 1358 87 27 songs
609 1349 184 37 themselves,
808 1350 59 36 and
882 1350 93 36 hence
986 1359 18 27 a
1018 1350 78 36 brief
1105 1352 126 39 analysis
1242 1354 33 36 of

279 1394 80 28 them
374 1394 56 28 will
446 1395 36 28 be
499 1395 33 28 of
549 1395 128 30 interest.

318 1440 90 30 Their
433 1440 91 38 origin
548 1441 24 37 is
597 1442 117 37 unique.
759 1443 85 38 They
866 1452 48 28 are
942 1452 91 28 never
1057 1446 214 36 "composed"

278 1488 72 28 after
373 1488 49 28 the
446 1497 122 19 manner
591 1490 36 27 of
644 1488 135 38 ordinary
801 1489 102 37 music,
927 1491 53 36 but
1003 1490 97 38 spring
1126 1491 62 37 into
1213 1491 57 36 life,

279 1534 87 37 ready
381 1534 95 37 made,
492 1535 75 36 from
583 1536 49 36 the
648 1535 86 36 white
749 1536 68 36 heat
832 1536 33 35 of
882 1536 135 37 religious
1038 1537 115 36 fervour
1168 1537 104 37 during

279 1590 81 18 some
375 1581 168 36 protracted
559 1581 130 37 meeting
711 1581 30 36 in
763 1581 109 36 church
895 1591 33 27 or
949 1591 92 27 camp.
1088 1582 84 37 They
1187 1593 84 27 come

278 1628 74 28 from
372 1637 39 19 no
432 1627 123 29 musical
577 1626 172 30 cultivation
771 1628 153 33 whatever,
942 1628 53 33 but
1017 1637 48 24 are
1086 1628 48 33 the
1158 1627 111 38 simple,

279 1673 120 29 ecstatic
420 1679 166 24 utterances
608 1674 35 28 of
666 1674 106 36 wholly
794 1673 159 37 untutored
975 1672 103 38 minds.
1128 1674 87 36 From
1239 1683 33 27 so

279 1720 202 38 unpromising
510 1731 18 27 a
556 1730 102 28 source
689 1729 43 29 we
760 1719 88 39 could
873 1719 174 39 reasonably
1072 1725 104 33 expect
1204 1720 69 38 only

280 1768 71 27 such
366 1777 18 18 a
403 1777 77 18 mass
502 1768 33 27 of
555 1766 138 30 crudities
715 1776 30 20 as
766 1766 96 30 would
885 1767 38 29 be
944 1766 201 30 unendurable
1170 1770 31 25 to
1224 1766 49 30 the

279 1813 159 30 cultivated
462 1823 57 20 ear.
565 1814 48 29 On
639 1813 50 30 the
713 1817 141 32 contrary,
878 1812 143 37 however,
1045 1812 48 37 the
1116 1811 158 38 cultivated

279 1860 119 28 listener
420 1861 148 27 confesses
591 1864 30 24 to
645 1869 18 20 a
685 1869 63 20 new
770 1859 108 34 charm,
894 1858 60 35 and
978 1863 31 30 to
1032 1867 18 26 a
1071 1866 98 27 power
1185 1866 89 27 never

279 1908 101 28 before
403 1907 58 34 felt,
479 1911 30 30 at
530 1906 73 35 least
624 1904 31 37 in
676 1905 37 36 its
735 1904 81 37 kind.
859 1904 88 37 What
966 1912 56 29 can
1041 1912 43 29 we
1105 1902 73 39 infer
1200 1903 74 38 from

281 1953 57 30 this
354 1953 54 29 but
423 1952 63 30 that
500 1951 50 31 the
565 1950 157 37 child-like,
739 1949 147 38 receptive
908 1947 96 39 minds
1026 1948 34 39 of
1078 1947 81 39 these
1180 1948 94 39 unfor-
