1725 2400
504 342 84 25 THE
607 342 173 26 RETURN
799 342 49 27 TO
867 342 199 27 AMERICA.
1245 348 30 26 77

330 427 50 33 To
398 428 57 32 the
474 429 135 40 Singers
627 429 200 40 personally,
843 429 89 41 aside
949 429 81 41 from
1048 429 56 41 the
1122 429 155 41 financial

288 490 135 21 success
447 480 74 31 that
545 480 64 30 had
633 481 157 30 attended
813 480 86 31 their
921 480 99 38 work,
1038 480 57 38 the
1115 480 77 38 visit
1212 480 63 38 had

287 531 84 30 been
400 542 60 21 one
488 531 34 31 of
551 532 123 30 almost
702 532 177 39 unalloyed
908 532 218 39 satisfaction.
1184 532 94 40 They

289 583 65 30 had
377 583 83 30 been
484 584 207 40 everywhere
709 584 57 40 the
783 584 107 40 object
914 584 35 40 of
969 584 186 40 hospitable
1173 588 104 36 atten¬

289 634 89 30 tions
407 635 85 38 that,
517 635 26 38 if
570 635 80 39 they
679 636 64 39 had
772 645 64 30 any
858 636 93 39 fault,
974 646 85 29 were
1087 636 191 39 sometimes

290 697 36 19 so
352 690 119 35 urgent
495 687 65 39 and
584 687 192 39 abounding
798 697 36 29 as
858 691 33 35 to
915 687 39 39 be
975 687 204 39 wearisome,
1198 687 81 39 after

290 738 56 30 the
365 738 104 30 strain
483 738 108 30 which
609 738 87 30 their
708 738 89 30 work
812 738 95 30 made
921 749 87 29 upon
1023 738 85 39 their
1119 738 159 39 energies.

291 790 79 30 Few
399 789 35 31 of
454 789 91 31 them
573 789 66 31 had
667 789 141 31 suffered
834 789 81 30 from
945 789 159 39 sickness,
1132 791 64 36 and
1224 789 55 38 the

291 841 130 30 shorter
448 840 168 30 distances
642 844 34 27 to
702 840 39 30 be
768 840 171 38 travelled,
969 840 64 37 and
1057 841 56 36 the
1141 851 140 27 warmer

291 896 225 36 temperature
534 891 32 40 in
579 891 127 40 winter,
723 891 65 40 had
805 891 96 40 made
920 891 239 40 concert-work
1176 891 104 40 easier

291 943 82 30 than
392 942 33 30 in
443 943 164 30 America.
655 943 40 30 In
720 954 42 20 no
785 954 73 29 way
874 953 85 30 were
984 942 79 40 they
1083 954 75 29 ever
1182 942 96 40 offen¬

292 993 104 41 sively
420 994 181 40 reminded,
627 994 143 40 through
795 995 75 39 look
895 1005 35 30 or
952 994 88 40 word
1048 1011 41 23 —
1097 995 112 39 unless
1239 995 42 40 by

292 1056 93 20 some
417 1045 80 30 rude
528 1045 176 30 American
735 1045 74 31 who
840 1056 69 21 was
940 1045 137 39 lugging
1107 1045 51 39 his
1190 1050 90 34 caste

294 1095 129 32 conceit
452 1096 145 39 through
626 1107 18 29 a
669 1097 178 39 European
870 1100 84 36 tour,
978 1107 35 29 or
1037 1096 42 40 by
1101 1107 19 30 a
1141 1101 139 36 vagrant

294 1147 225 40 Englishman
541 1148 74 39 who
637 1147 66 40 had
727 1147 85 40 lived
832 1147 78 40 long
932 1147 131 40 enough
1080 1147 32 40 in
1130 1147 152 40 America

292 1203 36 27 to
354 1199 159 31 "catch"
540 1199 43 31 its
609 1198 113 32 colour
749 1198 313 41 prejudices—that
1095 1198 78 41 they
1197 1209 83 30 were

293 1251 107 31 black.

333 1356 73 32 The
430 1357 135 40 Singers
588 1356 141 41 reached
754 1356 174 42 Nashville
950 1356 33 42 in
1006 1356 79 42 time
1108 1359 33 39 to
1165 1356 114 42 attend

290 1409 56 31 the
366 1410 297 30 Commencement
688 1407 173 33 exercises.
908 1407 72 34 The
996 1411 143 30 trustees
1161 1407 119 39 passed

291 1460 201 31 resolutions
513 1460 175 41 testifying
713 1464 33 37 to
766 1459 57 42 the
846 1459 138 42 interest
1011 1458 63 42 and
1103 1458 177 42 sympathy

289 1511 82 31 with
392 1512 110 30 which
523 1512 79 39 they
618 1511 66 40 had
710 1509 151 42 followed
887 1509 87 42 their
996 1519 121 32 career,
1136 1512 34 39 to
1194 1509 87 42 their

291 1563 152 39 industry
462 1563 64 39 and
549 1561 155 41 devotion
723 1561 30 41 in
771 1560 86 42 their
873 1560 99 42 work,
992 1560 63 42 and
1078 1563 33 39 to
1128 1560 56 42 the
1201 1559 78 43 high

293 1616 128 30 honour
442 1614 80 40 they
540 1614 65 40 had
630 1613 158 42 achieved
807 1613 49 42 for
880 1612 201 42 themselves
1106 1611 63 43 and
1194 1612 86 42 their

294 1666 126 41 people,
446 1665 142 42 adding:
623 1665 87 42 "No
742 1674 60 33 one
840 1674 61 33 can
933 1662 153 45 estimate
1119 1663 57 44 the
1206 1668 72 39 vast

294 1719 138 29 amount
464 1715 35 33 of
527 1714 165 40 prejudice
726 1714 129 40 against
887 1713 56 41 the
975 1724 74 30 race
1080 1713 106 41 which
1219 1714 60 40 has

295 1766 151 42 perished
465 1766 102 42 under
584 1766 56 42 the
664 1766 81 42 spell
772 1765 33 42 of
826 1764 86 43 their
936 1764 198 43 marvellous
1161 1764 117 43 music.

295 1819 183 32 Wherever
501 1817 78 40 they
599 1817 84 40 have
705 1827 83 30 gone
813 1816 80 41 they
909 1815 83 42 have
1019 1815 200 42 proclaimed
1245 1819 33 38 to

294 1871 57 30 the
374 1869 112 32 hearts
511 1868 34 33 of
566 1878 75 24 men
660 1867 32 34 in
711 1878 18 24 a
747 1870 86 31 most
852 1866 148 36 effective
1017 1875 82 29 way,
1119 1866 63 39 and
1199 1865 79 39 with

296 1919 250 35 unanswerable
565 1918 96 43 logic,
681 1917 56 44 the
754 1917 220 45 brotherhood
992 1916 36 45 of
1047 1915 55 46 the
1120 1915 106 46 race."
