1725 2400
603 320 62 24 AN
682 319 103 25 IDEA
812 320 139 25 TAKES
968 320 147 25 SHAPE.
1323 329 7 16 i
1341 328 7 17 r

400 404 111 31 These
529 405 74 30 four
618 405 80 30 took
715 405 77 30 hold
810 405 33 30 of
864 405 56 30 the
937 405 99 36 work,
1056 405 57 36 but
1131 415 84 26 were
1233 408 66 33 met
1318 409 32 32 at

355 456 58 30 the
432 459 111 27 outset
560 456 42 40 by
618 460 65 36 two
701 455 192 41 formidable
912 455 198 41 difficulties.
1158 456 27 40 A
1203 455 61 41 site
1288 456 63 40 and

357 507 168 40 buildings
543 507 35 39 of
599 507 42 40 its
659 517 73 30 own
756 517 84 30 were
862 507 185 39 absolutely
1065 507 157 40 essential
1243 510 34 37 to
1295 507 55 40 the

357 568 135 21 success
510 558 35 31 of
558 558 57 31 the
630 558 231 39 undertaking.
909 557 72 40 The
998 558 210 39 Association
1227 561 33 36 at
1277 558 72 39 that

355 609 81 30 time
454 609 66 30 had
539 619 41 20 no
601 609 99 31 funds
723 609 75 31 that
822 609 24 31 it
863 609 57 30 felt
943 613 33 27 at
995 609 118 40 liberty
1131 614 33 36 to
1185 609 107 40 invest
1317 609 32 40 in

355 660 68 30 real
441 663 106 27 estate
565 660 50 31 for
633 660 82 31 such
734 671 42 20 an
801 660 191 40 enterprise.
1042 661 91 39 More
1156 661 81 39 than
1263 660 83 40 that,

355 711 56 30 the
444 711 174 31 dominant
652 711 143 30 element
828 712 33 30 in
894 713 55 30 the
982 713 206 39 community
1219 723 68 30 was
1314 723 35 29 so

354 762 143 40 entirely
514 762 120 39 hostile
657 766 34 36 to
714 773 65 30 any
796 762 93 40 effort
911 766 34 36 to
969 763 126 39 elevate
1112 763 56 39 the
1192 763 153 39 coloured

354 814 129 39 people,
510 813 72 40 that
608 813 26 40 it
657 824 69 30 was
750 819 77 35 next
852 819 33 35 to
911 813 192 40 impossible
1128 819 33 35 to
1185 814 162 39 purchase

354 864 78 30 land
450 864 49 30 for
516 864 82 30 such
616 875 88 21 uses.
755 866 68 30 But
841 876 18 20 a
876 864 189 31 favourable
1083 864 61 31 site
1162 876 68 20 was
1248 864 99 31 found

354 915 65 30 and
441 915 148 36 secured,
609 915 141 36 without
777 915 57 36 the
863 925 141 30 purpose
1029 915 49 39 for
1097 915 108 39 which
1230 915 24 39 it
1278 926 68 29 was

352 967 133 31 wanted
511 967 99 40 being
633 967 97 40 made
759 966 119 41 known
904 971 34 36 to
966 967 56 40 the
1052 967 106 40 seller,
1188 967 42 40 by
1255 966 90 41 three

353 1019 36 30 of
414 1019 95 30 these
534 1019 124 30 friends
686 1019 34 30 of
741 1018 56 31 the
821 1019 90 30 work
933 1018 175 39 becoming
1131 1018 216 40 individually

354 1070 206 39 responsible
609 1069 49 40 for
702 1069 56 40 the
804 1070 104 39 entire
955 1069 312 40 purchase-money
1313 1071 33 39 of

354 1119 155 39 $16,000.

397 1173 73 31 One
489 1173 34 31 of
536 1173 56 31 the
607 1172 89 32 chief
710 1173 204 39 advantages
931 1172 34 40 of
978 1172 56 40 the
1050 1172 144 40 location
1208 1182 67 30 was
1287 1172 56 40 the

351 1224 66 30 fact
435 1224 75 30 that
528 1224 24 30 it
570 1234 68 20 was
661 1224 135 39 already
813 1223 158 39 occupied
990 1224 42 39 by
1050 1233 18 30 a
1091 1233 102 30 group
1212 1224 33 39 of
1266 1234 74 29 one-

351 1278 111 36 storey
484 1274 105 40 frame
612 1274 180 40 buildings,
814 1274 110 40 which
948 1273 64 41 had
1030 1274 80 40 been
1130 1274 129 40 erected
1278 1275 62 39 and

350 1325 81 30 used
455 1324 50 32 for
522 1324 147 41 hospital
696 1325 155 40 barracks
876 1324 42 41 by
935 1325 56 40 the
1017 1324 111 41 Union
1152 1325 111 40 Army.
1312 1326 30 39 It

350 1386 69 19 was
452 1377 119 29 known
596 1375 74 30 that
694 1377 94 30 these
813 1376 96 30 could
935 1376 39 30 be
999 1376 155 30 obtained
1177 1377 84 31 from
1286 1376 55 32 the

350 1426 241 38 Government,
610 1426 65 38 and
698 1427 40 37 be
762 1426 104 40 easily
891 1427 64 39 and
980 1426 139 40 cheaply
1143 1427 142 39 adapted
1308 1431 33 35 to

348 1476 57 30 the
422 1480 133 36 present
573 1476 195 39 necessities
786 1477 34 39 of
840 1478 57 38 the
914 1478 192 39 enterprise.
1152 1478 72 39 And
1243 1488 45 28 so,
1308 1477 31 39 in

345 1528 151 40 January
523 1527 93 42 1866,
643 1527 57 41 the
733 1539 72 30 new
837 1527 112 41 school
976 1539 67 30 was
1075 1528 136 40 opened.
1265 1527 75 41 The

348 1578 154 30 occasion
525 1588 69 21 was
618 1579 56 30 the
698 1583 87 26 most
807 1578 132 30 notable
963 1582 96 27 event
1082 1578 34 30 of
1135 1579 57 30 the
1218 1582 66 27 sort
1307 1578 30 30 in

345 1629 57 30 the
431 1629 127 39 history
587 1629 35 39 of
649 1629 58 39 the
740 1629 153 39 coloured
926 1629 116 40 people
1074 1629 35 40 of
1137 1629 198 40 Tennessee.

348 1680 172 30 Governor
535 1679 188 30 Brownlow
740 1679 96 31 made
855 1690 18 20 a
891 1680 90 30 short
999 1679 144 39 address,
1164 1680 64 37 and
1245 1680 93 38 other

345 1729 246 39 distinguished
623 1730 189 39 gentlemen
844 1731 33 39 in
909 1731 75 39 civil
1017 1731 63 39 and
1113 1731 145 39 military
1285 1731 52 39 life

345 1791 85 21 were
456 1784 144 36 present.
648 1779 109 41 There
781 1791 69 29 was
874 1781 195 40 inspiration
1098 1782 48 39 for
1170 1782 55 39 the
1251 1782 85 39 freed

345 1832 117 39 people
480 1832 33 39 in
531 1831 56 40 the
601 1843 78 29 very
692 1833 142 39 thought
852 1832 35 40 of
900 1833 78 39 thus
996 1832 161 40 founding
1173 1843 18 29 a
1209 1833 126 39 univer

344 1883 66 40 sity
434 1883 49 40 for
513 1882 57 41 the
596 1883 230 40 emancipated
852 1883 118 40 slaves,
996 1883 75 40 who
1097 1883 64 40 had
1186 1883 42 40 all
1253 1882 84 41 their

345 1934 54 31 life
423 1935 78 39 long
525 1934 82 39 been
631 1933 171 40 forbidden
827 1933 56 40 the
909 1933 153 40 slightest
1089 1932 191 41 knowledge
1304 1932 34 41 of

343 1986 127 30 letters.
