1725 2400
577 321 87 25 THE
681 321 200 26 STUDENT
899 321 129 26 CHOIR.

300 405 35 27 to
361 402 76 30 take
464 399 78 33 hold
567 400 35 32 of
624 400 56 32 the
706 399 101 38 work,
837 399 130 38 instead
996 400 34 37 of
1053 400 130 40 leaving
1206 401 23 39 it
1253 405 35 36 to

301 453 171 32 Northern
491 452 117 40 people
627 451 80 41 with
733 462 35 30 so
789 461 99 31 many
915 450 123 42 radical
1055 452 76 40 bees
1149 452 33 40 in
1203 451 84 41 their

300 505 142 30 bonnets
457 504 6 31 !

345 555 39 30 In
403 554 81 31 1868
503 553 41 32 he
569 564 83 30 gave
676 553 141 40 another
840 553 66 40 and
929 553 105 40 better
1050 558 153 36 concert;
1223 554 63 39 and

299 606 35 30 in
368 606 82 38 1870
476 604 53 40 his
558 615 75 30 now
660 604 207 40 well-drilled
896 604 125 40 classes
1052 604 156 40 rendered
1232 604 55 40 the

297 656 162 31 beautiful
495 659 137 28 cantata
672 655 36 32 of
747 656 124 31 Esther
901 656 108 31 before
1049 666 18 21 a
1103 656 88 39 large
1223 656 64 39 and

297 706 168 39 delighted
489 706 179 40 assembly.
728 706 132 40 Taking
881 717 19 29 a
924 711 72 35 part
1016 707 34 39 of
1074 707 51 39 his
1147 707 91 39 choir
1253 711 35 35 to

298 757 180 39 Memphis,
504 757 42 39 he
577 767 83 30 gave
692 768 19 30 a
735 762 132 36 concert
891 761 35 36 to
958 768 42 29 an
1029 757 157 40 audience
1215 757 72 40 that

295 807 90 31 filled
407 807 59 32 the
488 808 219 41 opera-house
722 819 8 30 ;
757 809 64 40 and
846 808 139 41 another
1007 808 63 41 trip
1097 807 190 42 southward

294 863 35 27 to
348 859 235 40 Chattanooga
600 864 68 36 met
684 859 80 40 with
783 859 96 40 equal
896 870 144 30 success.

338 910 111 31 About
462 910 69 31 this
545 910 81 31 time
639 910 57 31 the
711 911 160 30 National
886 910 177 31 Teachers'
1077 910 207 32 Association

294 962 36 31 of
354 962 58 31 the
434 962 126 33 United
585 963 114 32 States
719 962 78 33 held
820 962 42 33 its
884 963 123 32 annual
1032 962 197 33 convention
1253 962 31 33 in

296 1012 184 38 Nashville,
515 1013 65 37 and
612 1016 252 36 arrangements
900 1023 84 29 were
1023 1014 95 39 made
1149 1013 49 39 for
1227 1014 56 39 the

296 1063 81 31 Fisk
402 1063 93 32 choir
520 1068 34 27 to
580 1063 74 41 sing
678 1064 33 40 in
735 1064 56 40 the
813 1064 144 40 opening
980 1065 172 39 exercises,
1170 1068 34 36 to
1228 1064 57 40 the

294 1119 93 36 great
405 1115 130 39 disgust
553 1115 35 39 of
612 1124 90 30 some
720 1115 74 39 who
810 1125 84 29 were
917 1114 170 41 profanely
1110 1115 173 40 indignant

294 1166 74 30 that
396 1167 89 30 "the
613 1165 132 41 niggers
768 1166 99 40 could
893 1170 57 36 not
972 1166 39 40 be
1038 1167 77 39 kept
1143 1165 33 41 in
1197 1166 86 40 their

292 1227 73 21 own
394 1217 149 39 places."
591 1216 105 40 Other
721 1215 182 41 musicians
927 1227 84 30 were
1038 1221 33 36 to
1088 1217 115 39 favour
1226 1217 57 39 the

293 1267 200 32 convention
528 1266 80 33 with
642 1266 87 33 their
761 1266 141 33 services
928 1271 33 28 at
991 1266 57 33 the
1080 1267 200 40 subsequent

292 1318 165 40 meetings
471 1329 8 29 ;
506 1319 58 39 but
582 1317 57 41 the
657 1318 133 40 singing
807 1318 34 40 of
862 1318 56 40 the
942 1319 20 39 "
975 1318 132 40 niggers
1120 1319 16 39 "
1160 1319 120 39 proved

291 1373 34 27 to
342 1370 39 30 be
400 1380 36 21 so
453 1369 141 40 popular
610 1369 73 40 that
702 1370 79 39 they
797 1380 84 30 were
900 1369 32 40 in
953 1369 141 40 demand
1114 1370 49 39 for
1185 1380 95 30 every

291 1420 127 30 session
437 1420 86 30 until
540 1419 57 31 the
615 1420 87 30 close
720 1420 34 30 of
767 1420 57 30 the
842 1420 208 30 convention.

331 1472 54 30 All
402 1470 70 31 this
489 1470 98 31 while
605 1470 57 31 the
680 1471 142 39 thought
840 1471 65 39 had
927 1472 82 38 been
1032 1471 116 39 taking
1169 1472 109 39 firmer

288 1521 79 31 hold
400 1521 35 31 of
464 1521 63 31 Mr.
561 1521 147 32 White's
741 1521 90 32 mind
864 1521 73 32 that
969 1532 18 21 a
1020 1522 134 31 student
1187 1521 90 32 choir

288 1572 108 39 might
414 1573 39 39 be
473 1572 189 39 organised,
681 1572 108 39 which
815 1572 96 39 could
927 1573 105 39 travel
1056 1572 144 39 through
1220 1572 54 39 the

288 1623 110 30 North
417 1623 65 30 and
501 1623 75 39 sing
591 1627 57 35 out
668 1623 35 39 of
717 1623 54 39 the
789 1623 145 39 people's
954 1623 117 39 pocket
1086 1623 55 39 the
1157 1634 118 30 money

286 1674 74 30 that
389 1678 90 27 must
510 1683 81 21 soon
618 1673 39 32 be
684 1673 153 32 obtained
864 1673 32 32 in
930 1684 92 21 some
1050 1685 72 30 way
1145 1674 48 41 for
1218 1674 54 41 the

289 1724 206 40 University.
552 1724 72 40 The
647 1725 78 39 plan
747 1735 69 29 was
837 1725 111 39 talked
966 1736 76 28 over
1067 1725 63 39 and
1152 1726 121 39 prayed

285 1785 78 21 over
378 1775 49 32 for
444 1785 18 21 a
477 1785 80 30 year
573 1786 36 29 or
630 1779 78 36 two.
754 1776 78 39 But,
856 1779 75 36 turn
954 1776 24 39 it
999 1780 33 35 to
1056 1776 56 39 the
1131 1776 84 39 light
1240 1776 32 39 in

284 1836 66 30 any
366 1837 73 30 way
456 1826 81 41 they
554 1827 107 40 could,
681 1826 55 41 the
754 1827 84 40 risks
857 1827 129 39 seemed
1005 1831 54 36 too
1072 1830 104 36 great.

327 1878 31 30 It
375 1888 69 20 was
462 1888 62 20 one
542 1877 96 41 thing
654 1881 33 36 to
705 1878 72 39 give
795 1889 19 29 a
831 1878 123 40 paying
970 1882 131 36 concert
1116 1882 33 36 at
1161 1878 107 40 home,

282 1938 36 21 or
342 1932 35 27 to
404 1929 96 30 make
527 1929 103 39 flying
657 1929 82 40 trips
762 1933 33 36 to
816 1929 111 39 points
949 1932 57 36 not
1031 1929 49 40 far
1107 1939 112 30 away;
1245 1929 24 40 it

281 1989 69 21 was
368 1980 90 39 quite
481 1979 141 40 another
642 1983 34 36 to
702 1983 84 36 start
810 1983 56 36 out
892 1989 40 30 on
957 1989 18 30 a
999 1978 172 41 campaign
1196 1978 72 41 that
