1725 2400
424 309 69 25 MR.
518 308 283 27 GLADSTONE'S
818 305 255 30 BREAKFAST
1087 306 145 30 PARTY.
1293 310 30 27 57

330 400 96 27 stone
443 395 66 32 had
527 400 98 36 spent
641 396 57 40 the
715 396 95 40 night
828 400 34 36 at
880 395 222 42 Chiselhurst,
1121 393 64 43 and
1202 405 69 32 was
1287 393 33 44 in

333 449 82 30 such
445 459 81 30 poor
554 449 115 39 health
703 448 75 40 that
806 448 41 40 he
873 448 76 40 had,
975 447 41 41 by
1042 446 51 42 his
1121 444 202 44 physician's

333 500 107 37 order,
470 500 142 37 excused
635 500 135 37 himself
792 500 82 37 from
901 498 174 39 attending
1098 497 57 40 the
1179 497 144 40 banquet

333 556 35 26 to
385 552 39 30 be
442 551 98 40 given
559 555 34 36 at
610 551 57 40 the
687 551 156 40 Mansion
871 552 116 39 House
1013 549 74 42 that
1111 548 141 43 evening
1281 548 42 43 by

334 603 58 30 the
412 603 90 30 Lord
521 603 117 39 Mayor
661 606 34 36 to
720 602 57 41 the
804 601 165 42 Ministry.
1019 599 243 44 Nevertheless,
1284 599 40 44 he

336 654 78 30 rode
437 654 33 30 in
495 654 207 40 twenty-five
727 653 95 41 miles
839 652 74 42 that
938 651 153 42 morning
1113 655 34 39 to
1170 650 81 44 keep
1275 649 52 45 his

337 705 233 40 appointment
594 708 35 37 to
654 708 87 37 meet
759 704 51 42 his
828 714 100 32 negro
944 702 123 43 friends
1092 706 33 39 at
1149 700 177 45 breakfast.

339 756 135 31 Several
492 756 165 32 members
675 755 35 33 of
729 756 57 32 the
804 754 141 33 Cabinet
967 753 64 34 and
1056 753 34 35 of
1113 751 213 36 Parliament,

338 808 81 31 with
451 807 105 32 ladies
588 806 34 33 of
651 807 57 33 the
737 805 150 40 nobility,
906 815 84 30 were
1019 805 69 40 also
1118 812 121 33 among
1269 801 56 44 the

339 864 126 36 guests.
505 858 73 41 The
597 858 135 42 Singers
750 867 84 32 were
855 855 196 44 distributed
1068 855 147 45 between
1233 852 92 47 them

342 915 33 26 at
393 911 56 30 the
466 910 100 36 table,
586 909 65 37 and
667 919 85 27 were
769 909 57 38 the
844 906 176 40 recipients
1045 905 33 42 of
1099 905 56 42 the
1172 904 77 42 kind
1267 903 63 43 and

344 962 175 31 assiduous
547 960 182 33 attentions
756 960 34 33 of
812 960 54 33 all.
914 958 147 39 Writing
1078 968 41 29 an
1137 960 141 37 account
1296 954 33 42 of

343 1014 58 30 the
420 1012 154 31 occasion
591 1011 50 32 for
656 1011 57 32 the
731 1011 84 32 New
833 1010 90 33 York
945 1008 214 42 Independent,
1176 1006 55 43 the
1249 1008 81 42 Rev.

347 1065 164 30 Newman
530 1062 93 36 Hall,
642 1061 149 40 alluding
816 1065 34 36 to
877 1060 55 41 the
958 1060 111 41 colour
1094 1057 183 44 prejudices
1302 1056 33 45 of

348 1126 36 19 so
402 1125 101 28 many
519 1113 207 40 Americans,
750 1112 71 41 said
837 1123 6 30 :
872 1113 18 40 "
907 1112 14 41 I
950 1110 83 42 wish
1059 1109 79 44 they
1162 1108 64 45 had
1252 1109 81 44 been

349 1170 133 36 present
510 1164 188 42 yesterday,
725 1167 33 39 to
788 1173 54 33 see
871 1162 79 44 Mrs.
980 1160 182 46 Gladstone
1188 1159 63 47 and
1278 1159 58 47 her

350 1216 192 41 daughters,
562 1215 63 42 and
654 1215 55 42 the
736 1213 96 44 noble
858 1212 87 45 lords
972 1212 63 45 and
1061 1210 104 47 ladies
1191 1212 143 45 present,

350 1268 117 39 taking
482 1267 87 40 their
590 1275 100 32 negro
708 1264 122 43 friends
847 1263 42 44 by
905 1263 57 45 the
979 1261 98 46 hand,
1097 1260 132 48 placing
1245 1260 90 48 them

351 1320 122 36 chairs,
487 1318 117 39 sitting
619 1321 33 36 at
666 1315 87 42 their
767 1315 79 42 side,
861 1313 141 44 pouring
1015 1315 56 42 out
1084 1311 85 45 their
1183 1314 64 42 tea,
1262 1314 74 43 etc.,

352 1371 66 31 and
436 1368 198 39 conversing
655 1367 82 41 with
759 1366 93 42 them
881 1365 34 43 in
937 1375 19 33 a
978 1373 139 35 manner
1132 1361 124 47 utterly
1272 1361 66 47 free

352 1422 83 30 from
454 1431 64 30 any
536 1418 166 43 approach
720 1417 105 44 either
842 1420 33 41 to
893 1415 91 46 pride
1006 1425 36 36 or
1063 1411 274 50 condescension;

353 1473 59 30 but
431 1471 131 39 exactly
578 1481 37 30 as
633 1470 26 41 if
679 1468 78 42 they
774 1467 65 43 had
857 1467 81 43 been
957 1464 98 46 white
1073 1464 114 47 people
1205 1463 33 48 in
1254 1461 85 49 their

354 1536 72 21 own
454 1523 83 33 rank
561 1522 33 34 in
619 1521 66 35 life.
734 1520 72 36 And
823 1518 67 38 this
908 1521 56 35 not
983 1527 36 30 as
1038 1525 41 31 an
1096 1515 102 41 effort,
1218 1524 59 33 nor
1293 1513 49 43 for

354 1576 57 30 the
430 1575 92 32 show
539 1572 34 34 of
594 1572 36 37 it,
651 1572 59 37 but
726 1571 82 39 from
828 1579 18 30 a
863 1567 91 42 habit
972 1567 34 42 of
1020 1565 99 45 social
1139 1565 201 45 intercourse

356 1626 110 32 which
498 1623 112 34 would
648 1623 84 35 have
771 1619 158 39 rendered
968 1627 63 30 any
1069 1616 93 42 other
1201 1614 141 43 conduct

359 1676 158 42 perfectly
534 1672 226 45 impossible."

402 1728 93 30 After
526 1724 168 34 breakfast
729 1723 62 35 Mr.
825 1721 183 37 Gladstone
1048 1718 133 40 showed
1219 1720 35 38 to
1293 1715 53 43 his

360 1781 116 39 guests
504 1786 91 33 some
621 1775 35 45 of
675 1773 57 46 the
757 1772 160 48 principal
946 1770 126 49 objects
1101 1768 33 51 of
1158 1769 138 51 interest
1314 1766 33 54 in

361 1830 52 31 his
444 1826 174 36 collection
643 1826 34 36 of
698 1829 49 33 art
774 1829 177 33 treasures,
978 1819 189 42 explaining
1194 1818 92 43 them
1314 1816 33 45 in

363 1881 53 31 his
432 1878 202 39 fascinating
651 1876 94 41 style.
787 1874 162 43 "Then,"
973 1876 35 41 to
1035 1873 98 44 quote
1157 1870 63 47 Mr.
1241 1867 108 50 Hall's

365 1934 143 30 account
532 1939 81 24 once
639 1937 101 27 more,
765 1926 75 39 "all
869 1925 56 39 the
946 1926 94 38 party
1068 1920 97 44 being
1190 1917 159 47 gathered

364 1985 34 30 in
435 1982 56 33 the
525 1979 267 40 drawing-room,
819 1975 57 44 the
909 1974 129 45 Jubilee
1076 1971 135 48 Singers
1244 1971 105 48 enter-
