1725 2400
384 317 33 26 74

636 309 85 27 THE
740 307 180 37 JUBILEE
939 306 179 38 SINGERS.

384 398 63 30 and
469 398 33 30 in
529 397 183 39 answering
733 396 57 39 the
816 406 99 30 many
930 399 150 37 requests
1099 395 73 41 that
1197 405 92 31 came
1314 393 48 42 for

384 453 147 26 concerts
549 448 48 30 for
613 448 55 30 the
681 447 119 31 benefit
813 447 35 32 of
861 446 141 36 schools,
1015 445 171 36 churches,
1203 444 158 39 asylums,

384 500 63 30 and
472 499 153 30 charities
651 498 33 32 of
706 507 96 29 every
819 501 78 36 sort.
947 496 102 40 Much
1073 495 143 42 thought
1240 495 65 42 had
1329 498 33 39 to

383 551 38 29 be
438 549 96 39 given
551 553 33 36 to
601 549 56 40 the
675 547 210 42 preparation
897 546 33 42 of
945 556 195 33 newspaper
1155 545 126 44 notices
1300 543 64 45 and

384 600 93 30 other
493 599 212 39 advertising,
724 598 65 39 and
807 597 99 40 much
924 597 80 40 time
1029 597 65 40 had
1111 600 33 37 to
1161 596 39 42 be
1219 599 95 39 spent
1332 594 33 44 in

384 649 155 39 enlisting
555 649 56 39 the
635 649 136 39 interest
798 648 63 40 and
887 648 183 41 assistance
1089 647 34 42 of
1141 647 95 42 those
1254 645 111 43 whose

384 705 178 36 patronage
579 699 108 42 would
704 700 38 41 be
759 699 164 42 valuable.
969 698 132 43 Adding
1116 702 34 39 to
1164 698 42 43 all
1224 696 68 45 this
1308 696 57 45 the

384 752 166 30 incessant
576 750 160 32 demands
752 750 33 32 in
810 750 146 39 meeting
978 750 57 39 the
1057 747 167 42 thousand
1247 746 118 43 details

384 801 33 30 of
432 804 131 27 concert
580 804 232 35 management
831 799 63 39 and
912 799 90 39 hotel
1021 801 260 38 arrangements,
1302 795 63 43 and

385 850 54 29 the
456 849 157 30 watchful
630 849 162 39 guidance
809 848 34 40 of
856 848 56 40 the
930 848 135 40 Singers
1083 847 32 41 in
1131 846 68 42 this
1222 855 72 33 new
1311 845 54 43 life

384 902 32 26 to
433 898 108 30 which
563 898 79 39 they
657 908 84 29 were
766 907 35 30 so
826 897 138 40 unused,
983 896 25 41 it
1032 895 27 42 is
1082 906 42 31 no
1140 894 133 42 wonder
1292 894 74 43 that

384 957 60 19 one
472 947 82 30 after
582 947 138 30 another
747 946 34 31 of
804 946 56 31 the
877 945 148 39 working
1040 945 87 39 force
1149 944 99 40 broke
1271 943 95 41 down

384 998 102 30 under
502 997 56 30 the
575 998 85 30 load.

428 1048 82 30 Miss
529 1049 138 36 Gilbert,
685 1048 111 37 whose
813 1048 131 37 labours
962 1047 64 38 had
1043 1047 81 38 been
1143 1057 36 28 as
1197 1046 168 39 incessant

385 1110 36 19 as
451 1098 79 40 they
554 1110 84 29 were
669 1099 198 39 invaluable,
895 1110 68 29 was
994 1098 100 40 taken
1122 1108 78 30 very
1230 1098 46 41 ill,
1302 1098 63 41 and

385 1149 126 40 obliged
539 1154 34 36 to
601 1149 73 40 give
700 1161 44 29 up
771 1151 42 39 all
841 1150 99 39 work.
990 1151 62 39 Mr.
1080 1149 90 40 Pike,
1200 1149 73 41 who
1302 1149 65 41 had

385 1201 80 30 been
483 1200 98 39 doing
597 1201 56 39 the
669 1201 90 39 work
778 1201 34 39 of
825 1206 65 34 two
907 1212 86 28 men,
1013 1200 198 40 succumbed
1231 1203 76 36 next
1331 1203 35 36 to

385 1251 123 30 serious
526 1262 139 20 nervous
683 1251 212 39 prostration,
915 1252 63 39 and
996 1251 65 39 had
1082 1251 147 40 scarcely
1246 1250 120 41 settled

385 1302 93 30 down
501 1302 48 30 for
573 1302 56 30 the
652 1306 66 26 rest
741 1302 73 30 that
838 1313 69 20 was
933 1302 229 40 imperatively
1179 1312 186 30 necessary,

385 1353 93 30 when
504 1353 61 30 Mr.
591 1353 121 39 Halley
729 1363 81 28 gave
826 1363 73 29 way
922 1353 105 39 under
1050 1353 56 39 the
1131 1353 74 39 load
1228 1353 73 39 that
1326 1353 41 39 he

384 1415 67 19 was
483 1404 160 39 carrying,
675 1404 63 39 and
770 1414 68 29 was
869 1404 168 39 forbidden
1069 1404 42 39 by
1142 1404 51 39 his
1226 1404 141 39 medical

385 1455 127 30 adviser
534 1459 34 27 to
594 1455 72 39 give
693 1465 63 30 any
782 1455 126 40 further
939 1455 164 40 attention
1134 1455 168 40 whatever
1331 1459 35 36 to

384 1506 161 30 business.

428 1557 62 30 Mr.
509 1557 114 31 White
645 1568 69 21 was
732 1557 78 31 thus
835 1558 56 30 left
918 1558 105 30 alone.
1072 1557 64 31 His
1161 1558 97 39 lungs
1280 1569 86 29 were

384 1608 102 36 weak,
506 1608 64 36 and
594 1608 56 36 the
674 1608 105 41 heavy
802 1609 72 40 fogs
897 1609 64 40 and
982 1608 56 41 the
1061 1608 203 41 night-work
1279 1620 85 30 were

384 1659 117 39 telling
525 1659 160 40 seriously
702 1671 87 29 upon
813 1660 103 39 them.
964 1660 73 39 And
1062 1664 33 36 at
1119 1659 67 40 this
1210 1660 156 39 juncture

385 1720 91 20 came
493 1710 88 30 word
597 1710 73 32 that
687 1710 51 32 his
755 1710 85 38 wife,
858 1711 112 37 whose
987 1710 114 38 health
1126 1711 65 37 had
1209 1715 57 33 not
1283 1711 81 37 been

384 1760 93 39 good,
497 1760 63 39 and
576 1760 84 39 who,
679 1760 80 39 with
777 1761 58 39 her
848 1761 157 38 children,
1026 1772 68 27 was
1111 1762 33 37 in
1162 1761 152 40 lodgings
1332 1762 32 39 in

387 1811 164 39 Glasgow,
582 1821 68 29 was
682 1810 45 39 ill.
789 1812 63 38 Yet
885 1822 36 27 as
951 1812 56 37 the
1042 1822 94 29 gross
1167 1812 129 39 income
1336 1813 34 38 of

385 1862 54 30 the
458 1866 147 26 concerts
620 1865 33 27 at
666 1861 73 30 that
752 1862 80 30 time
845 1873 68 19 was
931 1863 179 39 averaging
1122 1865 90 39 200
1227 1875 18 29 a
1259 1865 107 39 night,

385 1913 63 30 and
468 1912 24 30 it
517 1913 130 30 seemed
670 1917 33 27 to
724 1913 38 30 be
787 1923 36 20 so
846 1913 189 39 manifestly
1054 1915 105 37 "now
1179 1926 36 27 or
1238 1916 128 36 never"

384 1965 79 30 with
486 1965 86 31 their
603 1965 146 37 mission,
783 1966 40 36 he
855 1965 57 37 felt
944 1966 72 36 that
1048 1966 24 36 it
1105 1977 67 25 was
1197 1968 51 35 his
1284 1968 81 40 duty
