1725 2399
444 390 33 24 68

697 384 84 26 THE
799 379 179 36 JUBILEE
997 375 183 40 SINGERS.

447 474 174 32 American
656 469 199 37 Missionary
888 461 207 45 Association
1126 460 33 46 in
1191 458 57 48 the
1278 456 75 50 field
1380 455 50 51 for

447 524 108 31 which
585 523 61 32 Mr.
677 519 78 36 Pike
787 528 68 27 was
886 516 56 39 the
975 512 141 43 District
1149 510 186 45 Secretary.
1380 504 51 51 To

450 573 192 39 strengthen
657 571 55 42 the
729 567 148 46 working
888 565 86 48 force
991 563 34 50 in
1041 562 57 51 the
1109 560 153 53 business
1276 566 154 47 manage¬

451 628 102 33 ment,
572 624 63 37 Mr.
651 622 30 41 J.
701 618 174 45 Hamilton
894 615 132 48 Halley,
1042 612 165 51 grandson
1225 609 35 54 of
1272 609 57 54 the
1344 606 88 57 well-

452 677 118 29 known
588 673 63 33 and
667 668 177 38 venerated
864 667 81 39 Rev.
966 666 59 40 Dr.
1045 663 132 43 Halley,
1195 670 69 36 was
1286 657 147 49 engaged

452 726 49 30 for
518 735 18 21 a
552 723 91 33 time.
691 723 67 33 But
775 720 41 36 he
833 716 142 40 brought
986 720 34 36 to
1032 714 57 42 the
1101 712 91 44 work
1203 710 81 46 such
1302 718 132 38 energy,

454 780 79 32 tact,
562 774 65 38 and
652 769 222 43 appreciative
901 765 177 47 sympathy
1104 765 73 48 that
1209 762 52 50 his
1293 759 142 53 services

455 828 83 30 have
554 826 81 32 been
652 822 147 36 retained
816 830 75 28 ever
908 818 101 40 since.

498 879 45 29 As
559 876 67 32 this
646 884 69 24 was
738 872 57 36 the
815 881 117 27 season
948 868 96 39 when
1066 876 100 31 many
1188 865 34 42 of
1242 864 55 43 the
1322 861 115 47 people

457 929 34 31 of
511 928 56 32 the
584 927 107 38 larger
706 928 105 37 towns
828 922 33 43 in
880 920 156 45 Scotland
1053 928 84 37 were
1155 921 33 45 at
1212 915 56 50 the
1293 921 146 44 summer

458 982 132 32 resorts,
608 977 24 37 it
649 986 68 28 was
735 972 133 42 decided
887 975 33 39 to
939 981 63 33 pay
1014 981 18 33 a
1050 969 91 45 short
1155 966 77 48 visit
1243 970 33 44 to
1296 962 143 52 Ireland.

460 1032 131 29 Letters
612 1029 81 32 from
714 1026 61 34 Mr.
795 1026 120 35 Burns,
935 1021 63 39 and
1016 1020 54 40 the
1089 1019 231 42 endorsement
1338 1015 34 45 of
1384 1015 57 45 the

462 1082 87 29 Hon.
570 1080 126 36 George
717 1077 43 40 H.
780 1076 124 41 Stuart,
922 1072 73 45 who
1020 1071 27 45 is
1071 1070 75 47 held
1165 1068 32 48 in
1223 1067 78 50 high
1326 1065 117 51 regard

461 1133 32 29 in
510 1131 72 30 that
606 1132 138 35 country
762 1126 33 41 of
819 1125 51 42 his
894 1123 98 44 birth,
1011 1120 159 47 prepared
1191 1119 56 48 the
1271 1117 115 50 people
1410 1120 33 47 to

462 1182 155 30 welcome
645 1179 102 33 them.
797 1177 58 35 Dr.
888 1176 126 37 Henry,
1043 1170 173 42 President
1243 1170 34 43 of
1302 1168 144 45 Queen's

464 1233 143 38 College,
625 1228 150 43 presided
792 1231 33 40 at
843 1226 56 45 the
915 1226 71 45 first
1010 1227 132 45 concert
1160 1221 33 50 in
1219 1221 116 50 Ulster
1353 1219 92 52 Hall,

465 1283 137 35 Belfast,
622 1281 62 37 and
710 1280 81 38 Rev.
816 1276 150 42 William
987 1274 162 44 Johnson,
1172 1272 56 45 the
1258 1271 190 47 Moderator

465 1333 33 30 of
513 1333 55 30 the
588 1329 143 34 General
753 1326 184 39 Assembly,
956 1324 95 42 aided
1077 1323 142 42 heartily
1236 1323 33 43 in
1290 1321 57 45 the
1373 1320 74 46 sub¬

466 1386 137 37 sequent
619 1381 90 42 work
725 1380 103 43 there.
874 1378 42 45 At
935 1375 237 48 Londonderry
1187 1373 87 51 their
1290 1373 159 51 welcome

466 1433 160 33 accorded
642 1431 80 35 with
742 1429 56 36 the
822 1427 135 39 historic
973 1426 87 39 fame
1083 1425 35 41 of
1137 1425 73 41 that
1235 1424 65 42 old,
1319 1423 131 42 liberty-

467 1485 111 39 loving
592 1487 99 37 town,
711 1492 35 32 so
762 1481 158 43 foremost
937 1477 33 47 in
989 1478 192 46 Protestant
1197 1474 72 50 zeal
1287 1474 64 50 and
1365 1473 86 51 good

467 1536 117 30 works.

513 1585 186 39 Returning
723 1587 34 36 to
782 1580 170 44 Scotland,
969 1578 80 45 they
1076 1588 84 36 were
1192 1581 67 43 met
1283 1575 80 49 with
1395 1575 57 48 the

470 1638 264 30 announcement
762 1634 72 35 that
858 1632 55 37 the
939 1629 195 40 authorities
1159 1629 34 40 of
1215 1627 157 42 Glasgow
1389 1626 64 43 had

470 1689 95 30 acted
604 1698 86 29 upon
730 1686 87 41 Lord
857 1682 246 45 Shaftesbury's
1146 1678 203 48 suggestion,
1390 1677 65 49 and

470 1740 96 31 voted
589 1743 33 27 to
645 1737 101 34 invite
773 1736 90 35 them
885 1738 33 33 to
942 1734 72 39 give
1041 1743 18 30 a
1083 1735 132 38 concert
1243 1734 33 39 at
1299 1729 56 44 the
1381 1729 75 44 City

473 1791 79 30 Hall
570 1789 103 32 under
693 1787 86 34 their
801 1785 117 36 official
943 1788 192 34 patronage.
1184 1781 152 42 Looking
1360 1779 96 43 back¬

471 1841 88 30 ward
598 1844 33 27 to
670 1839 56 33 the
765 1836 147 37 bondage
959 1834 63 39 and
1064 1832 174 42 ostracism
1278 1832 74 42 that
1390 1841 68 33 was

473 1892 66 30 still
572 1901 35 21 so
638 1888 87 34 fresh
751 1887 32 35 in
820 1885 86 37 their
937 1894 157 28 memory,
1122 1882 81 40 such
1236 1893 19 29 a
1287 1881 106 41 thing,
1426 1881 33 42 in

473 1943 73 30 that
570 1944 93 37 great
694 1938 66 43 city
789 1937 34 45 of
850 1944 138 37 500,000
1020 1933 127 48 people,
1178 1933 132 48 seemed
1338 1933 121 48 almost

474 1993 188 32 incredible.
713 1990 73 35 The
812 1988 76 39 City
921 1986 80 41 Hall
1035 1995 68 32 was
1133 1984 71 42 full.
1265 1983 75 44 The
1371 1983 90 44 Lord

476 2047 137 30 Provost
638 2040 159 42 presided,
823 2040 63 43 and
909 2037 111 46 beside
1044 2036 80 47 him,
1145 2046 40 37 on
1209 2035 57 48 the
1292 2034 167 49 platform,
