1725 2400
499 369 47 27 114
745 365 84 32 the
848 363 178 36 jubilee
1044 361 182 37 singers.

496 461 90 19 some
610 450 33 30 of
669 450 58 30 her
754 448 156 34 children,
947 445 168 37 including
1148 443 156 39 Minnie's
1335 441 139 41 mother,

498 500 85 29 their
603 499 153 30 freedom.
806 495 185 39 Designing
1014 500 33 34 to
1072 495 96 39 make
1193 492 85 42 their
1295 492 96 42 home
1409 491 31 43 in
1459 501 18 33 a

498 549 65 29 free
582 549 104 36 State,
705 549 55 36 the
777 546 114 39 family
909 546 78 39 took
1003 545 81 40 such
1107 544 34 41 of
1165 543 87 42 their
1270 541 207 44 possessions

497 609 36 19 as
552 599 78 38 they
654 597 96 39 could
780 607 93 30 carry
896 596 32 41 in
949 595 138 42 bundles
1115 605 40 32 on
1173 593 85 44 their
1282 593 112 44 heads,
1414 592 63 45 and

498 648 125 30 started
648 658 40 20 on
713 648 66 30 foot
805 647 48 31 for
879 645 95 37 Ohio,
995 645 84 37 little
1098 644 156 39 realising
1275 643 73 40 how
1366 644 77 39 long
1460 654 18 29 a

496 702 109 34 tramp
624 698 78 39 they
718 697 64 39 had
801 696 216 40 undertaken.
1076 696 93 41 They
1188 695 65 42 had
1270 699 33 37 to
1326 695 88 42 work
1431 695 48 42 for

496 748 85 30 their
606 747 102 40 living
733 758 36 30 as
794 748 79 39 they
896 751 87 36 went
1009 747 108 40 along,
1137 747 63 41 and
1223 746 88 42 often
1340 747 137 41 stopped

497 799 126 30 several
652 798 133 30 months
813 798 31 30 in
877 809 18 20 a
927 800 93 38 place
1052 798 108 40 before
1191 798 79 40 they
1296 797 96 41 could
1423 801 54 36 get

497 849 129 39 enough
664 860 119 30 money
815 850 98 39 saved
945 854 33 36 to
1009 852 144 37 warrant
1185 849 91 41 them
1315 849 33 41 in
1381 847 96 42 again

496 900 116 39 taking
636 911 43 29 up
702 900 86 39 their
812 900 207 40 pilgrimage.
1079 900 133 39 Finally
1235 900 79 40 they
1338 899 141 41 reached

497 961 18 20 a
539 952 145 30 German
702 951 191 30 settlement
919 951 33 30 in
969 951 201 37 Tennessee,
1187 950 108 38 where
1321 951 56 37 the
1395 950 83 39 good

497 1002 114 38 people
630 1002 127 38 treated
780 1002 91 39 them
892 1012 35 28 so
954 1002 113 39 kindly
1086 1002 73 39 that
1181 1002 79 39 they
1286 1002 134 39 decided
1444 1005 33 35 to

498 1051 94 39 bring
609 1052 86 39 their
708 1052 140 39 journey
864 1056 33 35 to
922 1062 41 28 an
987 1052 73 39 end,
1080 1052 64 39 and
1166 1053 96 38 make
1280 1052 84 39 their
1380 1052 96 39 home

498 1112 121 29 among
635 1102 103 39 them.
781 1102 153 39 Minnie's
948 1103 129 38 mother
1088 1113 67 27 was
1168 1104 137 37 allowed
1317 1108 33 33 to
1365 1104 111 36 attend

499 1152 112 31 school
628 1152 79 31 with
725 1153 56 30 the
801 1152 99 31 white
925 1153 157 39 children,
1102 1154 63 38 and
1182 1154 153 38 obtained
1353 1155 87 40 quite
1458 1167 18 28 a

498 1203 84 39 good
606 1203 174 39 education
813 1203 31 39 in
873 1204 56 38 the
954 1215 152 27 common
1139 1206 141 39 English
1305 1206 170 38 branches.

498 1254 200 31 Afterwards
728 1255 57 30 she
810 1256 152 31 removed
998 1260 34 27 to
1066 1257 181 38 Nashville,
1279 1257 108 37 where
1419 1257 57 37 she

498 1306 152 38 married,
671 1306 63 38 and
751 1306 108 38 where
878 1307 124 37 Minnie
1020 1318 67 26 was
1104 1308 79 36 born
1202 1308 33 36 in
1257 1309 91 39 1857.

541 1358 72 30 Her
639 1357 130 31 mother
788 1369 81 29 gave
894 1359 59 39 her
976 1359 58 39 her
1061 1359 70 39 first
1151 1359 126 39 lessons
1295 1360 32 38 in
1344 1361 133 40 reading

498 1413 33 27 at
547 1408 108 39 home,
674 1409 58 39 but
756 1410 96 38 when
875 1410 90 38 older
988 1410 57 37 she
1069 1415 87 33 went
1180 1415 33 33 to
1240 1411 79 36 Fisk
1344 1412 130 36 School.

499 1460 65 31 She
580 1471 69 20 was
666 1471 60 20 one
744 1461 34 30 of
798 1461 56 30 the
873 1461 138 40 original
1027 1462 129 40 Jubilee
1176 1462 144 40 Singers,
1339 1464 63 39 and
1419 1465 55 37 the

496 1515 163 36 youngest
679 1512 34 40 of
733 1512 57 40 the
813 1522 162 30 company
991 1512 108 40 which
1120 1514 95 39 made
1234 1514 56 39 the
1313 1515 70 38 first
1399 1515 77 38 visit

498 1566 33 27 to
563 1563 102 30 Great
698 1563 140 38 Britain,
866 1563 110 38 where
1002 1563 58 37 her
1086 1569 100 32 sweet
1212 1565 91 36 voice
1329 1566 63 35 and
1419 1566 57 34 her

496 1614 103 39 youth
624 1614 87 39 drew
727 1618 33 36 to
783 1614 60 39 her
864 1625 99 30 many
979 1614 132 41 friends.
1160 1617 51 39 On
1234 1617 56 39 the
1314 1621 111 34 return
1442 1623 33 33 to

496 1665 162 38 America,
682 1665 58 38 she
758 1677 68 27 was
848 1665 140 40 obliged,
1007 1666 42 40 by
1064 1667 57 39 the
1144 1668 200 39 prostration
1366 1668 33 39 of
1420 1669 57 38 her

496 1716 102 38 voice,
623 1721 33 33 to
680 1716 73 39 give
779 1728 42 29 up
846 1716 141 40 singing,
1007 1718 64 39 and
1095 1719 153 37 resumed
1271 1719 58 37 her
1352 1720 132 36 studies.

533 1817 162 30 Edmund
720 1817 171 30 Watkins
920 1828 67 20 was
1020 1819 79 30 born
1132 1820 33 30 in
1199 1821 108 31 Coosa
1332 1823 139 39 County,

491 1867 170 36 Alabama,
680 1866 33 36 in
732 1867 90 39 1850.
864 1867 63 39 His
945 1868 108 38 father
1068 1879 67 27 was
1154 1871 69 35 sold
1242 1873 64 33 and
1324 1874 98 32 taken
1439 1878 33 27 to

491 1917 108 30 Texas
616 1917 94 30 when
729 1917 39 30 he
786 1928 67 19 was
870 1928 78 29 very
963 1929 121 28 young.
1134 1920 63 36 His
1224 1923 130 33 mother
1370 1935 68 21 was
1455 1935 18 21 a

490 1968 75 30 field
582 1968 99 36 hand,
700 1967 64 37 and
780 1968 95 36 when
900 1968 41 36 he
957 1978 68 26 was
1049 1968 57 36 but
1128 1970 90 40 eight
1246 1984 95 27 years
1362 1976 52 36 old
1432 1976 40 36 he

491 2028 66 21 was
575 2022 49 26 set
641 2022 33 26 to
692 2018 89 31 work
798 2017 79 32 with
895 2018 58 31 her
969 2017 135 41 picking
1121 2025 125 33 cotton.
