1739 2410
726 340 84 25 THE
829 340 179 33 JUBILEE
1026 341 183 33 SINGERS.

475 422 92 37 Now,
593 433 34 26 as
657 434 18 25 a
700 427 71 36 part
797 424 33 39 of
854 423 55 39 the
934 434 140 29 sermon,
1095 426 12 37 I
1135 435 51 28 am
1215 424 99 39 going
1338 429 33 34 to
1398 426 59 38 ask

474 473 90 30 them
582 477 33 26 to
633 474 72 39 sing
723 474 34 38 it,
776 474 48 39 for
840 474 78 39 they
935 475 120 39 preach
1073 475 32 39 in
1131 475 55 39 the
1211 475 153 39 singing;
1392 477 64 38 and

476 534 75 29 may
567 524 55 39 the
641 524 100 39 Spirit
759 524 33 39 of
813 525 72 38 God
904 525 79 38 send
1002 525 96 38 home
1116 525 67 38 this
1201 526 89 36 word
1308 530 33 33 to
1361 537 93 26 some

474 573 277 39 to-night—some
769 575 72 37 who
865 585 75 29 may
965 576 183 39 remember
1170 576 87 39 their
1281 576 132 41 singing
1434 577 25 39 if

472 621 78 39 they
565 622 104 39 forget
687 633 54 29 my
758 623 211 40 preaching."

514 672 93 30 Then
626 672 147 32 followed
792 674 54 30 the
870 674 141 41 singing,
1032 686 34 29 so
1087 676 87 39 clear
1199 676 63 39 and
1283 680 113 36 strong
1418 687 35 28 as

471 726 33 26 to
522 723 96 30 reach
636 734 95 29 every
747 735 117 29 person
882 725 32 39 in
932 726 55 38 the
1004 731 92 35 great
1114 728 159 38 audience
1291 729 33 37 of
1338 729 62 37 five
1418 738 36 27 or

471 773 48 30 six
549 774 164 31 thousand
745 776 125 39 people,
898 777 64 38 and
995 777 62 38 Mr.
1087 779 171 39 Spurgeon
1289 779 163 39 preached

470 824 78 30 with
565 829 91 34 great
675 825 93 38 effect
785 825 82 38 from
891 827 55 36 the
971 831 79 33 text,
1071 830 20 35 "
1104 829 30 36 It
1152 828 27 36 is
1203 830 83 35 done
1311 840 36 24 as
1369 830 81 35 thou

469 875 74 30 hast
561 876 227 37 commanded,
804 877 63 36 and
885 882 54 34 yet
957 878 91 39 there
1065 879 27 38 is
1110 880 123 36 room."
1282 880 39 36 In
1338 880 113 39 giving

468 925 106 31 notice
603 927 33 30 of
660 927 55 30 the
739 933 129 26 concert
891 939 40 20 on
957 930 223 39 Wednesday,
1200 930 39 39 he
1266 931 104 38 added
1395 931 54 38 the

468 976 216 38 exhortation,
709 978 21 36 "
745 978 26 36 0
799 978 160 39 brothers,
987 980 90 37 don't
1106 984 73 36 stay
1206 982 124 39 away."
1376 983 73 38 And

467 1026 51 30 his
549 1029 134 30 counsel
715 1039 68 20 was
815 1030 72 30 well
921 1030 135 32 heeded.
1107 1032 30 30 It
1169 1042 68 20 was
1263 1032 186 31 advertised

466 1077 72 30 that
562 1079 55 29 the
642 1078 95 31 doors
759 1080 108 30 would
891 1080 39 31 be
953 1091 83 30 open
1059 1086 33 35 at
1114 1092 99 29 seven
1236 1083 136 38 o'clock,
1390 1083 58 37 but

467 1129 76 38 long
564 1129 108 38 before
699 1130 72 37 that
798 1131 57 36 the
884 1131 126 36 crowds
1035 1132 99 35 about
1158 1132 56 35 the
1245 1137 94 36 gates
1363 1145 84 28 were

467 1179 79 30 such
570 1179 72 30 that
671 1180 23 30 it
720 1191 66 21 was
811 1192 174 30 necessary
1010 1186 33 36 to
1068 1194 82 29 open
1176 1184 90 39 them
1293 1188 33 35 to
1352 1185 95 38 avoid

465 1229 195 41 blockading
699 1231 56 39 the
793 1236 111 34 street,
944 1233 63 37 and
1046 1233 57 36 the
1142 1235 198 35 attendance
1379 1246 69 24 was

465 1279 174 31 estimated
672 1286 33 26 at
735 1292 98 21 seven
864 1282 177 31 thousand.
1098 1285 109 40 Every
1239 1296 93 30 song,
1365 1286 81 39 with

464 1329 55 30 the
536 1329 193 41 inspiration
747 1332 64 38 and
828 1333 207 37 enthusiasm
1053 1335 35 36 of
1109 1335 81 35 such
1209 1347 41 24 an
1270 1337 171 39 audience,

464 1390 68 20 was
549 1392 18 20 a
583 1381 156 41 triumph.

507 1431 40 30 At
579 1431 55 31 the
666 1434 85 30 close
792 1434 61 30 Mr.
888 1434 169 41 Spurgeon
1100 1437 88 39 said:
1231 1438 117 37 "Now
1387 1449 60 26 our

463 1481 121 32 friends
616 1494 53 19 are
700 1484 99 40 going
830 1488 33 36 to
900 1485 168 39 Scotland,
1103 1488 63 36 and
1200 1489 13 35 I
1254 1488 84 36 have
1375 1490 70 34 told

462 1532 90 31 them
584 1537 34 27 to
650 1545 91 21 come
772 1534 76 32 here
882 1537 63 30 and
977 1537 77 30 hold
1086 1538 87 30 their
1203 1539 71 30 first
1312 1545 132 26 concert

462 1583 95 31 when
581 1584 78 39 they
682 1590 111 34 return
816 1590 33 34 to
872 1587 150 37 London.
1069 1587 94 40 They
1185 1590 84 38 have
1295 1600 93 27 come
1410 1595 34 33 to

463 1634 100 30 Great
582 1635 127 32 Britain
727 1640 33 27 to
778 1636 84 30 raise
887 1637 122 40 £6,000
1024 1650 6 27 :
1056 1639 78 39 they
1155 1641 66 38 will
1245 1641 39 38 do
1308 1641 46 37 it;
1380 1642 63 36 and

462 1683 24 30 if
509 1684 78 40 they
613 1690 87 34 want
727 1686 122 40 £6,000
878 1698 99 29 more,
997 1689 43 37 let
1067 1690 90 36 them
1187 1701 91 25 come
1303 1692 83 34 back
1410 1697 33 30 to

462 1733 68 30 this
548 1740 136 36 country
703 1737 108 39 again,
831 1738 63 38 and
911 1749 48 27 we
977 1740 66 36 will
1060 1740 72 40 give
1150 1741 24 39 it
1191 1746 33 34 to
1242 1743 126 38 them."
