1724 2399
466 375 35 25 88

729 373 84 24 THE
832 369 180 36 JUBILEE
1029 365 186 40 SINGERS.

827 807 225 35 CHAPTER
1074 806 45 36 X.

595 907 181 26 personal
800 903 186 30 histories
1009 902 43 31 of
1075 898 72 35 the
1172 894 161 39 singers.

473 987 81 32 The
570 987 135 32 children
729 984 74 36 who
826 991 84 28 were
936 983 50 36 set
1010 978 66 41 free
1099 976 43 43 by
1164 975 57 45 the
1246 970 159 49 abolition
1431 969 33 51 of

474 1040 129 38 slavery
628 1038 33 39 in
687 1037 57 41 the
772 1033 126 45 United
922 1032 114 46 States
1062 1037 126 41 occupy
1212 1035 20 42 a
1255 1022 144 56 position
1428 1020 34 58 in

474 1090 109 31 which
608 1100 42 21 no
675 1087 95 34 other
791 1082 207 42 generation,
1017 1080 35 44 of
1072 1089 66 36 any
1154 1077 124 48 colour,
1296 1085 36 39 or
1348 1074 33 51 in
1399 1083 64 42 any

475 1142 89 37 land,
584 1150 83 29 were
684 1148 76 31 ever
778 1135 117 44 placed
918 1133 122 46 before.
1087 1128 132 51 Behind
1234 1126 93 53 them
1345 1134 54 45 are
1418 1124 43 55 all

474 1194 57 30 the
563 1190 197 34 disabilities
795 1188 65 36 and
894 1184 154 40 cruelties
1080 1181 35 43 of
1149 1180 74 44 that
1254 1177 150 47 bondage
1431 1175 33 49 in

474 1244 110 33 which
612 1242 88 35 their
723 1240 82 36 lives
828 1239 118 38 began.
993 1234 119 42 Before
1137 1232 93 45 them
1254 1239 54 37 are
1336 1228 44 48 all
1407 1226 58 51 the

477 1293 215 43 possibilities
723 1292 36 45 of
784 1290 139 46 culture,
953 1283 205 54 distinction,
1178 1281 66 56 and
1275 1278 188 58 usefulness

476 1347 74 31 that
567 1356 54 23 are
638 1353 84 30 open
739 1346 34 38 to
790 1341 57 43 the
865 1338 139 45 citizens
1029 1335 35 48 of
1084 1344 62 39 one
1172 1333 35 51 of
1226 1332 58 52 the
1308 1331 158 53 foremost

477 1398 135 31 nations
642 1396 35 33 of
703 1395 57 35 the
789 1391 107 39 earth.
942 1388 85 42 This
1058 1386 66 43 fact
1156 1384 82 45 adds
1271 1393 18 36 a
1321 1380 147 50 peculiar

477 1449 139 30 interest
648 1450 35 30 to
713 1445 57 35 the
803 1440 155 43 personal
990 1437 157 47 histories
1179 1435 36 48 of
1248 1434 58 50 the
1335 1431 131 53 Jubilee

479 1501 147 38 Singers.

522 1551 96 32 With
643 1548 57 34 the
732 1545 246 42 misguidances
1003 1541 64 45 and
1092 1536 198 50 limitations
1323 1535 34 51 of
1383 1533 88 53 their

480 1602 90 40 early
593 1601 55 42 life
668 1599 83 44 such
778 1608 36 34 as
839 1596 81 47 they
945 1591 196 51 wereand
1165 1590 24 52 it
1213 1587 110 56 would
1348 1589 57 54 not
1430 1585 39 57 be

480 1653 144 41 possible
647 1656 35 39 to
707 1650 75 45 give
805 1659 66 36 any
894 1656 62 38 one
980 1656 42 39 an
1046 1643 163 51 adequate
1233 1640 74 54 idea
1323 1638 35 57 of
1377 1637 93 57 them

480 1706 75 31 who
582 1704 63 33 has
675 1707 57 30 not
767 1700 96 37 stood
894 1698 71 39 face
996 1700 34 37 to
1062 1694 72 43 face
1161 1691 82 46 with
1275 1688 195 49 themthe

481 1755 168 32 readiness
666 1752 81 35 with
764 1749 109 38 which
891 1749 57 38 the
966 1746 135 40 Singers
1119 1748 67 39 met
1203 1743 57 44 the
1277 1752 73 34 new
1368 1740 102 47 social

482 1805 161 33 demands
665 1803 73 34 that
762 1810 85 27 were
864 1799 96 39 made
986 1806 88 31 upon
1098 1796 92 42 them
1212 1794 33 43 in
1266 1793 87 45 their
1370 1791 100 46 work,

481 1868 71 21 was
579 1866 37 22 as
642 1850 207 39 remarkable
874 1859 36 30 as
934 1848 57 41 the
1016 1846 91 42 quiet
1131 1845 154 43 modesty
1308 1844 66 45 and
1399 1842 72 46 self-

484 1905 190 44 possession
693 1902 81 47 with
797 1899 110 50 which
930 1897 80 52 they
1033 1895 150 54 received
1206 1895 57 54 the
1288 1893 186 56 attentions

485 1959 64 32 and
573 1958 146 33 honours
746 1953 72 39 that
846 1959 93 32 came
967 1957 36 34 so
1032 1946 162 45 suddenly
1220 1949 34 42 to
1281 1945 105 46 them.
1442 1945 32 46 It

483 2020 70 21 was
574 2019 20 22 a
610 2008 96 38 dizzy
723 2004 126 42 change
876 2001 81 45 from
984 2009 18 37 a
1024 1996 166 50 breakfast
1207 1996 35 50 of
1254 1996 138 50 hominy
1409 1997 65 49 and

487 2061 106 30 bacon
615 2058 33 34 in
672 2067 19 24 a
714 2051 214 41 slave-cabin,
946 2053 35 39 to
1005 2047 134 45 dinners
1161 2046 34 46 in
1218 2046 57 46 the
1301 2045 174 47 mansions
