1725 2400
449 351 33 30 48

702 349 84 26 THE
804 347 180 35 JUBILEE
1002 345 182 37 SINGERS.

452 441 72 35 part
553 437 34 39 of
608 437 55 39 the
690 435 112 41 house.
848 435 50 42 An
923 431 171 45 estimable
1118 430 87 46 lady,
1223 429 74 47 who
1320 438 69 38 was
1414 438 19 39 a

453 488 134 30 teacher
613 487 33 30 in
675 497 18 21 a
718 484 153 33 coloured
900 481 137 36 mission
1066 480 125 37 school,
1217 479 66 39 had
1306 477 127 41 bought

453 537 149 31 reserved
634 540 88 28 seats
753 536 47 33 for
831 534 58 34 her
912 533 107 36 class;
1053 531 58 37 but
1134 531 90 38 they,
1250 533 66 36 too,
1349 537 84 31 were

454 588 180 40 compelled
672 591 34 37 to
744 585 76 42 take
858 583 86 45 their
981 582 93 45 place
1113 580 33 48 in
1186 579 56 48 the
1281 578 153 50 coloured

454 644 132 35 quarter
602 638 102 41 under
720 636 56 42 the
794 636 134 43 gallery,
948 633 183 46 regardless
1153 630 34 48 of
1207 630 56 48 the
1285 633 149 45 contract

453 689 151 32 involved
642 688 33 33 in
713 687 57 33 the
801 687 120 34 tickets
959 684 108 37 which
1098 683 79 39 they
1215 681 87 42 held.
1362 680 73 42 The

456 741 135 39 Singers
614 750 84 31 were
726 749 35 32 so
790 738 173 43 indignant
991 736 74 45 that
1089 735 79 46 they
1190 732 109 48 would
1323 731 112 50 gladly

455 792 83 30 have
554 791 95 39 given
666 801 42 30 up
726 789 55 41 the
798 791 144 39 concert.
997 786 72 45 The
1092 785 66 45 fact
1179 783 72 47 that
1278 794 36 36 so
1335 792 101 38 many

456 843 51 30 old
524 842 122 31 friends
663 841 33 32 of
710 840 55 33 the
783 840 88 33 slave
890 838 65 35 had
973 848 91 25 come
1082 837 81 36 from
1179 836 78 39 long
1268 834 168 41 distances

455 898 40 30 to.
505 894 79 34 hear
600 892 90 36 them
710 891 93 36 alone
822 888 183 41 persuaded
1022 888 91 42 them
1133 891 35 39 to
1185 896 40 33 go
1242 896 53 33 on.

499 943 129 39 During
653 946 64 36 two
747 951 135 31 seasons
909 939 34 42 of
966 942 151 39 concerts
1145 937 79 45 they
1245 936 65 46 had
1337 945 101 36 never

456 995 108 30 before
588 993 81 31 been
702 991 168 39 subjected
897 995 34 36 to
959 989 67 42 this
1053 987 174 44 indignity,
1254 996 81 34 even
1362 986 33 45 in
1420 996 19 34 a

457 1045 108 39 public
594 1044 87 40 hall;
714 1044 73 41 that
814 1042 24 42 it
864 1041 117 44 should
1006 1041 38 44 be
1069 1038 119 46 offered
1213 1038 32 47 in
1271 1047 18 37 a
1314 1036 124 48 church

457 1096 34 30 of
506 1095 111 31 Christ
634 1104 68 22 was
726 1104 18 22 a
768 1093 172 39 grievance
963 1094 57 38 not
1044 1095 34 37 to
1101 1091 39 41 be
1165 1089 118 42 passed
1307 1098 77 33 over
1405 1087 33 45 in

458 1147 131 36 silence,
609 1146 63 37 and
688 1146 60 37 Mr.
768 1143 114 39 White
900 1143 78 40 took
1001 1140 165 42 occasion,
1184 1140 32 42 in
1239 1150 41 33 an
1298 1138 140 45 interval

458 1198 34 30 of
519 1198 57 30 the
607 1200 142 33 concert,
777 1198 35 35 to
844 1192 219 41 characterise
1094 1191 26 42 it
1147 1191 33 42 in
1204 1191 56 42 the
1284 1194 102 39 terms
1413 1189 25 44 it

459 1248 165 31 deserved.
673 1248 30 31 It
720 1257 68 22 was
805 1245 126 40 plainer
949 1242 179 42 preaching
1152 1252 41 33 on
1218 1242 64 43 that
1299 1241 138 44 subject,

459 1299 167 40 probably,
642 1297 81 42 than
747 1296 65 42 had
834 1305 75 33 ever
931 1295 81 44 been
1036 1293 102 45 heard
1158 1293 33 46 in
1215 1293 75 46 that
1315 1292 125 47 church

459 1350 117 30 before.
623 1349 72 31 And
713 1350 85 30 most
816 1347 34 33 of
864 1346 94 34 those
975 1345 73 35 who
1065 1344 132 39 greeted
1215 1343 24 40 it
1257 1342 81 41 with
1355 1342 88 41 their

461 1411 101 28 angry
579 1399 106 40 hisses
696 1398 83 41 have
792 1397 169 42 doubtless
975 1395 134 44 already
1116 1395 86 45 lived
1215 1395 78 45 long
1311 1394 129 45 enough

460 1455 33 26 to
510 1452 39 30 be
565 1449 140 40 heartily
722 1447 158 42 ashamed
897 1446 33 42 of
943 1447 102 42 them.

502 1503 27 29 A
560 1504 85 27 tract
673 1500 35 32 of
729 1498 201 41 twenty-five
957 1508 102 31 acres,
1086 1507 41 32 on
1155 1508 18 31 a
1206 1496 237 43 commanding

462 1553 61 30 site
555 1550 210 39 overlooking
796 1549 56 40 the
893 1548 66 41 city
990 1548 34 41 of
1054 1547 183 42 Nashville,
1263 1547 65 42 had
1361 1547 81 42 been

461 1602 183 42 purchased
666 1602 49 42 for
738 1601 57 43 the
819 1603 193 41 permanent
1031 1598 144 46 location
1200 1598 33 46 of
1255 1597 81 47 Fisk
1361 1597 82 47 Uni

461 1655 133 39 versity.
651 1653 129 41 During
808 1652 56 42 the
892 1662 67 32 war
981 1650 57 44 the
1066 1650 170 44 eminence
1266 1648 65 45 had
1362 1649 82 45 been

463 1704 149 31 crowned
638 1704 42 39 by
697 1704 79 39 Fort
805 1703 132 40 Gillem,
957 1712 60 31 one
1040 1701 35 42 of
1096 1701 57 42 the
1174 1700 181 43 encircling
1379 1699 66 44 line

463 1756 33 30 of
519 1754 230 33 fortifications
777 1753 72 33 that
876 1752 64 34 had
966 1752 159 35 defended
1152 1752 57 34 the
1238 1751 66 40 city
1332 1750 33 41 in
1389 1750 57 41 the

464 1806 198 31 memorable
680 1808 147 29 contests
842 1803 73 34 that
933 1803 65 34 had
1022 1803 100 39 raged
1146 1803 126 39 around
1291 1801 36 40 it.
1374 1801 73 40 The

465 1857 150 30 students
633 1855 64 32 had
714 1854 130 33 worked
861 1853 79 34 with
958 1853 56 34 the
1032 1854 168 33 labourers
1223 1857 34 30 to
1282 1852 83 35 level
1390 1852 56 35 the

465 1907 211 36 earthworks,
703 1906 63 36 and
798 1905 57 38 the
878 1904 212 39 foundations
1113 1904 65 39 had
1203 1903 82 39 been
1309 1903 66 39 laid
1399 1902 48 40 for

465 1970 19 20 a
500 1958 96 32 noble
613 1956 148 37 building
775 1955 49 39 for
848 1954 181 39 university
1046 1965 170 29 purposes,
1234 1958 34 36 to
1285 1954 39 39 be
1342 1953 105 40 called

465 2010 125 42 Jubilee
609 2008 91 43 Kail.
