1725 2400
496 369 29 25 i8

747 366 84 26 THE
849 366 180 34 JUBILEE
1049 367 183 33 SINGERS.

496 453 150 30 services.
703 453 51 30 On
780 453 146 39 Monday
943 464 18 29 a
977 453 65 39 free
1062 457 132 36 concert
1212 463 69 30 was
1299 453 95 39 given
1413 453 64 40 and

497 515 18 20 a
533 504 170 31 collection
720 504 99 30 taken
838 507 34 27 at
895 504 56 30 the
975 504 98 31 close.
1131 503 73 32 The
1230 504 157 30 audience
1411 514 69 21 was

497 555 88 38 large
603 555 58 38 but
677 555 57 39 the
752 554 222 39 contribution
993 555 108 39 small.

542 605 30 29 It
603 615 68 20 was
702 615 41 20 on
774 604 68 30 this
876 604 138 39 Sunday
1046 604 64 39 and
1146 603 156 40 Monday,
1336 615 35 28 so
1407 606 73 38 well

499 654 222 30 remembered
753 654 43 30 all
828 664 75 21 over
942 654 57 30 the
1037 654 113 36 world,
1182 654 74 36 that
1295 655 57 36 the
1392 659 92 36 great

502 704 144 41 Chicago
680 705 57 40 fire
768 709 103 36 swept
903 716 93 29 away
1026 705 57 40 the
1116 705 122 39 houses
1276 706 35 39 of
1350 715 136 30 100,000

501 756 114 39 people
644 756 63 39 and
735 760 152 35 property
912 760 33 35 to
975 756 56 39 the
1047 756 96 39 value
1170 756 33 39 of
1232 753 250 42 $200,000,000.

505 807 38 30 In
569 806 95 37 Ohio,
690 816 35 27 as
751 807 204 39 everywhere
981 807 76 39 else,
1077 807 115 39 people
1219 807 96 39 could
1340 807 148 39 scarcely

504 857 96 30 think
627 867 35 21 or
687 857 71 31 talk
786 858 99 30 about
912 857 162 40 anything
1102 858 78 39 else,
1206 857 99 40 much
1329 858 65 39 less
1415 857 73 40 give

505 918 117 30 money
639 912 33 36 to
690 918 63 30 any
771 909 93 39 other
880 909 118 39 object.

548 959 108 30 There
687 959 64 30 had
780 963 56 26 not
861 960 81 30 been
968 960 49 30 for
1041 963 55 27 ten
1123 969 96 29 years
1248 969 19 29 a
1293 960 93 39 week
1417 960 74 39 that

506 1010 108 30 would
639 1010 84 30 have
750 1010 93 36 been,
869 1014 34 33 to
930 1010 43 36 all
998 1020 234 30 appearances,
1253 1011 82 39 such
1362 1020 42 29 an
1432 1020 59 30 un¬

507 1062 187 30 favourable
718 1060 80 32 time
822 1061 48 31 for
893 1061 55 31 the
974 1060 135 40 Singers
1133 1065 33 35 to
1194 1071 192 30 commence
1406 1060 87 40 their

508 1112 100 30 work.
667 1112 66 30 Out
766 1111 33 30 of
825 1121 118 30 money
972 1111 64 40 and
1062 1110 33 41 in
1124 1110 76 41 debt
1225 1121 36 30 as
1289 1111 81 40 they
1398 1121 96 30 were,

510 1162 78 39 they
606 1161 141 40 donated
768 1162 56 39 the
846 1161 104 40 entire
973 1161 159 40 proceeds
1154 1161 34 40 of
1216 1161 83 40 their
1325 1161 71 40 first
1419 1161 77 40 paid

512 1216 143 33 concert,
687 1212 108 37 which
828 1212 178 37 amounted
1037 1217 34 33 to
1104 1212 189 39 something
1323 1213 66 39 less
1414 1212 83 39 than

513 1261 73 42 $50,
604 1267 34 36 to
656 1263 55 40 the
730 1263 144 40 Chicago
891 1263 94 40 relief
1005 1263 91 40 fund.
1142 1263 83 40 This
1248 1274 69 29 was
1342 1263 96 40 given
1465 1263 33 40 in

515 1314 209 37 Chillicothe,
743 1314 63 36 and
829 1313 105 38 called
964 1317 57 33 out
1045 1324 18 27 a
1085 1314 78 37 card
1190 1314 82 37 from
1301 1314 57 37 the
1382 1314 117 39 Mayor

516 1365 64 30 and
596 1365 131 39 leading
743 1365 138 39 citizens
898 1365 159 40 cordially
1074 1365 234 40 commending
1329 1368 35 36 to
1388 1364 111 41 public

516 1420 180 36 patronage
711 1416 57 39 the
783 1420 66 36 two
867 1419 149 36 concerts
1032 1416 73 40 that
1122 1416 162 40 followed.

561 1467 89 30 Here
678 1471 33 27 at
741 1467 198 31 Chillicothe
966 1466 81 41 they
1071 1471 67 36 met
1164 1466 81 41 with
1269 1476 42 30 an
1336 1466 165 41 indignity

517 1518 108 31 which
663 1528 68 21 was
770 1518 88 30 often
907 1518 154 39 repeated
1111 1518 33 39 in
1182 1517 57 40 the
1277 1520 79 37 next
1395 1518 108 39 year's

519 1569 201 40 experience.
768 1569 165 41 Applying
948 1572 33 37 at
1000 1578 61 31 one
1079 1569 34 41 of
1137 1568 56 42 the
1212 1567 160 42 principal
1392 1568 110 42 hotels

520 1620 49 31 for
607 1620 267 37 entertainment,
912 1620 78 39 they
1021 1630 85 30 were
1138 1620 129 40 refused
1299 1619 204 41 admittance

521 1671 140 30 because
678 1671 33 30 of
725 1671 86 30 their
828 1671 121 30 colour.
990 1670 143 32 Treated
1152 1671 33 31 in
1201 1670 57 32 the
1276 1680 90 21 same
1383 1680 72 30 way
1470 1674 33 36 at

523 1731 19 21 a
567 1722 130 36 second,
717 1722 79 39 they
828 1722 77 39 only
933 1722 135 40 secured
1095 1722 123 40 shelter
1244 1725 33 37 at
1307 1731 18 31 a
1352 1720 88 42 third
1464 1721 42 41 by

525 1772 54 30 the
595 1773 177 30 landlord's
789 1772 112 39 giving
918 1782 42 29 up
981 1772 50 39 his
1049 1783 72 28 own
1140 1773 156 39 bedroom
1313 1776 33 35 to
1364 1772 91 39 them
1473 1776 33 35 to

524 1833 58 21 use
610 1833 36 20 as
669 1833 19 20 a
712 1824 141 38 parlour,
873 1824 64 39 and
963 1822 187 40 furnishing
1177 1824 92 39 them
1293 1823 86 39 their
1404 1824 105 38 meals

524 1873 108 31 before
657 1874 56 30 the
737 1875 95 30 usual
852 1874 93 38 hour,
964 1874 73 38 that
1069 1875 51 37 his
1145 1875 94 37 other
1262 1878 114 36 guests
1401 1875 107 39 might

525 1929 57 27 not
607 1926 90 30 leave
720 1925 54 30 the
798 1924 114 31 house.
958 1923 83 32 This
1065 1925 115 30 odious
1205 1925 64 30 and
1291 1927 88 28 cruel
1405 1929 102 26 caste-

528 1977 93 40 spirit
638 1977 24 40 it
678 1987 67 30 was
762 1980 33 36 to
813 1976 39 41 be
871 1986 18 30 a
906 1980 73 37 part
998 1976 35 41 of
1046 1976 87 41 their
1144 1976 270 41 mission—little
1431 1986 36 30 as
1485 1977 24 40 it

527 2037 68 21 was
626 2028 32 31 in
689 2027 86 32 their
801 2028 96 39 plans
928 2026 63 40 and
1022 2026 125 40 painful
1181 2037 36 29 as
1249 2027 24 39 it
1302 2037 69 29 was
1398 2027 31 39 in
1458 2037 52 30 ex-
