1725 2400
358 326 87 30 the
470 330 207 27 welcome
693 331 61 26 at
774 329 84 29 the
880 328 97 30 city
996 327 177 30 temple.
1229 330 32 30 83

267 416 64 30 and
362 417 57 30 the
446 417 183 38 chairman,
658 418 90 37 Lord
775 420 228 39 Shaftesbury,
1031 429 69 30 was
1120 419 137 40 delayed

267 477 91 21 some
391 468 147 31 minutes
570 469 33 31 in
640 470 158 40 reaching
834 470 57 40 the
930 471 154 39 platform
1122 470 42 40 by
1199 470 57 40 the

268 519 162 42 difficulty
454 520 35 40 of
511 522 212 39 penetrating
747 522 57 39 the
829 522 100 39 dense
952 522 108 39 crowd
1077 522 74 39 that
1169 521 88 40 filled

267 572 58 30 the
356 572 173 31 corridors.
597 573 39 30 In
670 573 181 40 ascending
888 573 56 40 the
979 573 97 40 stand
1113 573 51 41 his
1199 584 58 30 eye

268 623 124 40 caught
421 624 89 39 sight
536 624 35 39 of
592 624 57 39 the
679 625 135 39 Singers
844 624 33 40 in
906 625 57 39 the
993 625 135 40 gallery,
1146 625 110 40 whom

267 674 42 30 he
341 675 135 39 greeted
507 675 81 39 with
621 686 19 28 a
672 676 123 38 cordial
827 676 192 38 salutation,
1046 677 63 37 and
1141 676 33 38 in
1206 676 51 38 his

267 726 150 30 remarks
456 737 42 21 on
530 726 117 39 taking
677 727 57 39 the
771 727 93 39 chair
903 728 41 38 he
981 728 90 38 said:
1113 728 49 38 "I
1203 738 52 28 am

268 777 169 40 delighted
468 781 34 36 to
535 788 54 29 see
622 788 36 29 so
691 778 89 40 large
813 789 20 29 a
864 779 234 39 congregation
1131 778 35 40 of
1200 778 56 40 the

268 828 140 31 citizens
441 828 33 31 of
510 829 141 30 London
684 840 92 21 come
812 834 35 27 to
884 830 79 31 offer
999 840 18 21 a
1053 830 141 31 renewal
1226 829 34 32 of

267 879 87 32 their
375 880 195 40 hospitality
587 885 34 36 to
645 880 94 40 these
761 881 97 39 noble
879 881 154 39 brethren
1054 881 65 39 and
1143 880 113 40 sisters

267 933 35 30 of
325 944 88 27 ours,
442 933 75 37 who
544 944 54 27 are
624 934 78 36 here
730 934 147 39 to-night
904 939 34 35 to
967 935 114 39 charm
1110 945 38 28 us
1174 934 80 39 with

268 984 86 30 their
372 988 100 27 sweet
491 995 110 30 songs.
648 984 96 41 They
761 986 85 39 have
864 986 156 39 returned
1037 986 86 39 here,
1136 990 56 36 not
1208 986 48 39 for

269 1035 164 40 anything
458 1035 33 40 in
519 1036 87 39 their
632 1047 72 28 own
737 1037 121 39 behalf,
887 1038 59 38 but
969 1041 33 35 to
1029 1037 147 39 advance
1199 1036 56 39 the

269 1086 157 31 interests
444 1087 34 30 of
502 1087 57 30 the
582 1087 153 31 coloured
760 1098 74 20 race
855 1088 33 30 in
908 1089 163 36 America,
1091 1088 63 37 and
1176 1088 78 37 then

269 1142 34 27 to
321 1138 39 30 do
378 1138 91 30 what
486 1137 33 31 in
537 1138 91 30 them
646 1138 60 31 lies
723 1143 34 27 to
776 1139 80 30 send
873 1138 226 31 missionaries
1117 1138 33 31 of
1171 1137 85 32 their

270 1200 73 20 own
361 1189 113 31 colour
491 1194 34 27 to
542 1189 56 31 the
616 1189 133 31 nations
767 1190 117 39 spread
897 1200 77 29 over
984 1189 121 40 Africa.
1146 1188 110 41 When

272 1241 13 30 I
314 1240 69 30 find
411 1240 94 30 these
526 1251 111 30 young
660 1241 126 39 people,
804 1241 103 39 gifted
932 1245 33 36 to
988 1251 41 29 an
1050 1244 111 36 extent
1183 1239 72 41 that

271 1292 78 30 does
367 1296 57 27 not
442 1291 90 31 often
549 1291 57 31 fall
623 1296 33 27 to
674 1292 56 30 the
747 1292 45 30 lot
810 1292 34 30 of
861 1302 89 27 man,
970 1291 134 39 coming
1125 1290 76 40 here
1224 1290 32 40 in

271 1343 83 30 such
380 1353 19 20 a
426 1342 105 40 spirit,
552 1344 13 39 I
587 1343 90 39 don't
698 1347 90 36 want
812 1343 92 39 them
928 1347 33 36 to
987 1343 135 39 become
1145 1341 111 41 white,

271 1395 58 30 but
357 1395 13 30 I
400 1394 84 31 have
514 1404 18 21 a
561 1398 115 36 strong
699 1393 196 40 disposition
920 1394 122 40 myself
1065 1397 33 37 to
1122 1393 135 41 become

270 1446 107 30 black.
433 1446 117 38 [Great
569 1445 184 40 applause.]
809 1445 31 40 If
864 1446 14 39 I
903 1444 142 41 thought
1062 1445 112 40 colour
1191 1455 66 30 was

271 1496 234 40 anythingif
519 1496 25 40 it
561 1496 142 40 brought
719 1496 81 40 with
817 1496 25 40 it
859 1496 87 40 their
960 1496 103 40 truth,
1080 1495 100 41 piety,
1194 1495 63 41 and

270 1548 117 36 talent,
408 1548 14 36 I
450 1548 109 37 would
585 1547 162 40 willingly
772 1547 167 40 exchange
967 1557 55 30 my
1050 1545 207 42 complexion

270 1603 202 27 to-morrow.
536 1599 39 31 In
606 1598 57 32 the
696 1608 97 21 name
824 1597 34 33 of
892 1597 66 33 this
990 1601 74 29 vast
1100 1608 90 22 mass
1228 1597 34 33 of

273 1650 129 31 British
442 1649 148 37 citizens,
632 1648 75 38 and,
744 1649 13 37 I
797 1659 76 30 may
907 1659 68 30 say,
1008 1648 33 40 in
1080 1647 114 41 behalf
1228 1647 34 41 of

272 1701 187 31 thousands
491 1700 65 32 and
586 1704 74 28 tens
684 1700 35 32 of
746 1699 183 33 thousands
953 1699 74 33 who
1052 1710 54 21 are
1130 1699 127 36 absent,

271 1763 49 21 we
343 1752 126 32 receive
492 1751 91 33 them
608 1750 80 33 with
714 1750 57 40 joy
795 1750 96 40 again
914 1755 33 36 to
973 1761 59 29 our
1054 1751 122 39 shores,
1196 1750 64 40 and

273 1803 66 31 will
372 1803 39 31 do
444 1803 44 32 all
519 1803 73 32 that
624 1803 33 32 in
689 1813 39 21 us
752 1803 60 32 lies
838 1806 34 28 to
900 1802 146 33 advance
1071 1802 87 33 their
1181 1801 78 40 holy

273 1865 121 27 cause;
432 1854 75 38 and,
540 1854 129 38 besides
701 1864 58 27 our
789 1864 134 30 prayers
956 1854 65 40 and
1052 1852 204 42 hospitality,

271 1917 49 21 we
352 1906 67 32 will
451 1906 40 32 do
523 1916 36 22 as
589 1905 126 40 Joseph
749 1905 53 40 did
838 1909 35 36 to
904 1904 51 42 his
987 1904 165 42 brethren,
1179 1902 80 43 send

272 1958 93 31 them
397 1956 83 33 back
512 1957 117 32 loaded
661 1956 81 33 with
774 1956 44 33 all
849 1956 56 33 the
942 1956 85 39 good
1069 1953 113 42 things
1225 1953 34 42 of

273 2010 147 39 Egypt."
468 2010 81 40 Rev.
581 2009 58 41 Dr.
671 2007 124 42 Parker
822 2006 174 44 re-echoed
1026 2005 93 45 these
1152 2004 107 45 words

759 2061 18 31 rj
