1725 2399
516 366 34 30 84

514 451 31 29 of
569 449 157 31 welcome
754 445 32 35 in
813 453 40 27 an
881 441 156 39 eloquent
1066 436 146 44 address,
1232 431 64 49 and
1319 429 57 51 the
1401 435 94 45 occa¬

515 500 71 29 sion
603 497 95 32 could
716 499 56 30 not
789 494 83 35 have
888 492 83 36 been
995 498 90 31 more
1108 486 33 43 of
1164 494 41 35 an
1229 480 134 48 ovation
1383 483 33 46 to
1442 475 57 54 the

517 549 135 38 Singers
690 547 81 40 than
808 543 25 44 if
867 542 25 45 it
930 540 66 48 had
1035 539 81 48 been
1155 531 146 56 planned
1340 530 49 57 for
1426 527 73 60 that

516 607 153 31 purpose.

560 649 73 29 The
650 651 77 27 next
744 644 139 39 evening
898 642 80 40 they
993 650 83 33 gave
1093 636 87 46 their
1202 633 145 50 opening
1370 633 132 50 concert

519 705 34 26 to
570 711 19 21 a
606 699 88 37 large
711 697 65 39 and
798 706 79 30 very
897 690 220 47 enthusiastic
1140 687 159 49 audience
1320 684 33 52 in
1380 684 125 52 Exeter

521 750 93 37 Hall,
645 749 81 39 with
758 757 42 30 an
837 745 136 42 address
997 742 60 45 full
1081 741 35 47 of
1144 750 19 37 a
1185 737 143 51 genuine
1361 732 144 55 English

521 803 156 30 welcome
699 800 83 33 from
805 797 57 36 the
886 795 183 38 chairman,
1089 793 82 39 Rev.
1191 790 52 42 LI.
1263 789 42 43 D.
1324 788 126 45 Bevan.

563 854 43 29 At
630 852 67 31 this
720 850 80 33 time
826 849 136 33 Messrs.
981 844 123 39 Moody
1128 843 64 40 and
1216 839 133 44 Sankey
1365 846 86 36 were
1474 834 32 48 in

522 904 57 30 the
610 903 99 32 midst
742 901 34 33 of
808 899 86 36 their
924 900 92 36 great
1047 894 90 43 work
1167 893 33 44 in
1233 891 152 46 London.
1436 885 72 51 The

522 957 134 39 Singers
681 954 64 42 had
771 955 56 41 not
852 951 81 45 been
960 948 31 48 in
1017 947 56 49 the
1095 945 66 51 city
1179 954 41 42 an
1247 942 82 54 hour
1353 939 110 57 before
1488 948 18 48 a

521 1010 131 37 request
675 1014 92 33 came
783 1003 83 44 from
886 1001 61 46 Mr.
968 997 132 50 Moody,
1119 996 72 51 that
1209 993 78 54 they
1303 990 109 57 would
1429 989 75 58 take

522 1062 73 35 part
611 1058 33 39 in
660 1056 57 42 the
738 1052 123 45 service
885 1051 73 46 that
981 1049 170 48 afternoon
1174 1048 33 49 at
1224 1044 56 54 the
1300 1041 205 57 Haymarket

525 1107 238 42 Opera-house.
795 1103 72 45 The
881 1104 77 44 next
975 1100 63 48 day
1053 1098 40 50 he
1112 1095 126 53 desired
1255 1095 91 54 them
1361 1098 33 51 to
1412 1092 41 57 sit
1466 1101 39 47 on

523 1160 57 30 the
603 1158 164 40 platform,
791 1153 64 45 and
878 1152 74 45 sing
972 1149 121 49 "Steal
1114 1147 126 51 Away"
1260 1145 84 53 after
1363 1143 57 54 the
1443 1152 62 45 ser¬

525 1221 88 19 mon.
645 1208 90 32 That
746 1203 205 36 remarkable
965 1201 99 39 series
1077 1200 35 40 of
1122 1197 163 42 meetings
1297 1200 33 39 at
1341 1195 57 45 the
1412 1195 96 45 West

525 1261 75 30 End
618 1270 67 21 was
702 1257 148 39 drawing
866 1259 33 36 to
918 1265 19 30 a
952 1253 99 42 close.
1091 1251 71 45 The
1179 1250 105 45 house
1299 1257 69 38 was
1384 1245 124 51 packed

525 1313 33 30 in
588 1321 96 29 every
707 1313 72 37 part
803 1306 81 44 with
909 1316 41 34 an
975 1303 157 47 audience
1158 1298 230 52 representing
1410 1296 98 54 much

527 1363 35 30 of
580 1362 56 31 the
653 1360 121 33 wealth
793 1358 63 36 and
879 1356 82 37 rank
978 1356 33 38 of
1031 1353 160 41 London;
1217 1361 88 33 upon
1322 1349 108 45 whom
1446 1348 61 45 Mr.

528 1413 121 39 Moody
666 1410 101 42 urged
791 1410 55 42 the
871 1407 115 45 claims
1011 1405 33 47 of
1066 1404 111 48 Christ
1202 1402 33 50 in
1253 1412 18 40 a
1288 1401 168 51 discourse
1480 1397 34 55 of

527 1464 146 40 peculiar
702 1461 192 43 tenderness
927 1457 63 48 and
1021 1465 119 39 power.
1187 1454 42 51 At
1262 1452 42 52 its
1336 1452 88 53 close
1455 1449 56 56 the

528 1520 92 36 great
657 1511 234 45 congregation
927 1507 124 48 bowed,
1083 1504 81 51 with
1195 1503 118 53 tearful
1345 1501 99 54 faces,
1479 1500 31 56 in

529 1568 99 30 silent
666 1574 128 31 prayer.
849 1563 87 42 Soon
972 1559 57 46 the
1068 1556 74 49 soft,
1182 1558 100 47 sweet
1322 1552 122 53 strains
1483 1551 33 54 of

531 1617 126 33 "Steal
687 1614 131 40 Away"
855 1622 72 33 rose
957 1611 84 44 from
1077 1608 57 46 the
1166 1605 165 49 platform,
1365 1602 150 52 swelling

529 1670 114 38 finally
679 1668 69 40 into
785 1676 19 32 a
837 1664 132 44 volume
1006 1660 35 48 of
1076 1657 203 51 conquering
1316 1665 83 43 song
1440 1654 74 54 that

531 1719 133 32 seemed
685 1722 35 29 to
744 1727 93 28 carry
858 1715 57 40 the
937 1716 93 39 great
1054 1710 159 45 audience
1237 1705 217 50 heavenward
1479 1715 36 40 as

532 1782 40 19 on
597 1769 123 39 angels'
744 1767 117 41 wings.
906 1764 72 43 The
1007 1763 93 45 effect
1125 1760 96 48 could
1245 1763 57 45 not
1326 1759 83 48 have
1434 1756 81 51 been

531 1820 138 39 happier
690 1818 66 42 had
776 1817 57 42 the
858 1824 82 35 song
960 1814 82 45 been
1065 1812 131 48 written
1221 1811 51 48 for
1291 1809 56 50 the
1373 1818 141 42 sermon,

533 1881 36 21 or
585 1870 55 33 the
657 1878 129 25 sermon
804 1866 49 36 for
868 1865 56 38 the
942 1873 92 30 song.

575 1919 193 33 Thereafter
790 1916 86 36 their
899 1914 142 38 services
1058 1922 84 30 were
1162 1911 32 40 in
1216 1911 121 40 almost
1362 1914 156 38 constant

534 1971 141 32 demand
691 1970 33 33 in
741 1968 55 35 the
814 1965 138 38 London
971 1962 172 41 meetings.
1185 1962 65 41 For
1267 1962 126 42 several
1410 1961 108 42 weeks

534 2023 79 39 they
629 2019 147 42 declined
798 2016 114 45 nearly
927 2015 42 47 all
993 2013 219 49 applications
1234 2013 49 49 for
1305 2015 162 47 concerts,
1485 2011 33 51 in
