1725 2399
536 364 190 26 AMERICA
754 363 43 27 W.
819 359 219 31 ROPINSON.
1236 362 50 28 103

297 448 78 40 help
392 448 35 40 of
438 447 143 42 friendly
599 445 138 43 soldiers
753 444 51 45 his
822 441 116 47 family
953 439 96 49 made
1065 437 86 51 their
1169 445 117 43 escape

298 501 84 30 from
400 500 99 31 home
517 498 219 34 unobserved,
756 506 36 26 as
808 496 77 37 they
912 495 52 39 lay
988 489 176 44 concealed
1191 487 32 46 in
1245 496 41 37 an

301 561 262 31 army-waggon,
583 550 65 42 and
666 548 100 44 found
783 546 87 46 their
885 555 72 36 way
974 549 33 42 to
1026 540 182 51 Nashville.

345 603 154 31 America
524 612 69 21 was
618 611 42 23 on
689 600 89 34 hand
800 604 35 30 to
863 603 93 30 enter
982 594 80 40 Fisk
1090 591 120 42 School
1233 589 55 45 the

303 656 72 30 first
393 654 63 39 day
472 654 24 40 it
513 663 69 30 was
599 651 138 43 opened,
756 649 65 45 and
841 646 180 48 continued
1038 645 33 49 in
1092 642 198 51 attendance

304 706 86 31 until
406 706 57 31 the
481 708 141 29 autumn
639 702 35 35 of
690 702 93 39 1874.
824 699 66 42 She
907 697 118 44 taught
1044 695 113 46 school
1175 692 119 49 during

305 758 57 30 the
380 766 149 21 summer
544 753 175 34 vacations
746 757 33 30 to
801 751 77 39 help
897 754 136 36 support
1050 745 130 45 herself.
1229 744 66 46 She

306 810 107 39 began
430 812 34 36 to
481 807 100 42 teach
597 805 97 43 when
713 804 58 45 but
789 802 144 46 thirteen
954 809 96 39 years
1067 797 63 51 old,
1151 795 63 53 and
1238 795 59 54 her

307 861 72 30 first
402 858 114 33 school
536 855 181 36 numbered
740 854 229 39 eighty-seven
987 849 159 43 scholars.
1193 846 104 47 After¬

308 912 108 30 wards
437 910 58 32 she
517 908 120 39 taught
663 917 61 30 one
748 903 198 43 numbering
969 912 62 35 one
1059 897 150 49 hundred
1234 897 65 50 and

311 963 83 39 fifty.
453 962 52 41 On
531 959 154 44 Sundays
716 957 59 45 she
807 951 256 51 superintended
1090 961 19 42 a
1137 948 161 55 Sabbath-

313 1014 125 31 school.
505 1011 171 38 Teaching
715 1008 73 40 four
827 1006 135 42 months
1002 1002 81 46 each
1114 1011 88 37 year,
1236 999 63 50 and

315 1065 159 40 studying
501 1063 102 42 eight,
630 1060 58 45 she
718 1069 69 36 was
813 1056 159 49 prepared
997 1059 34 46 to
1059 1057 93 48 enter
1177 1051 124 54 college

316 1117 33 30 in
366 1117 57 30 the
441 1116 72 31 first
531 1113 184 34 Freshman
734 1110 87 36 class
839 1106 161 41 admitted
1023 1110 34 37 to
1081 1104 57 43 the
1164 1101 138 45 Univer¬

319 1167 75 39 sity,
412 1167 64 40 and
494 1164 108 42 would
618 1163 84 44 have
720 1160 150 47 received
891 1158 59 48 her
976 1157 145 50 diploma
1142 1153 81 54 with
1247 1152 57 55 the

318 1220 72 30 first
415 1218 87 32 class
525 1212 183 42 graduated
732 1212 65 42 had
816 1211 59 43 she
895 1212 58 42 not
975 1207 57 47 left
1053 1206 58 48 her
1139 1203 127 51 studies
1287 1212 18 42 a

320 1272 62 30 few
399 1267 135 34 months
550 1266 108 36 before
676 1263 57 38 the
750 1263 88 38 close
856 1261 35 40 of
903 1260 57 42 the
975 1268 80 33 year
1070 1261 35 40 to
1122 1264 126 37 engage
1272 1253 33 48 in

321 1322 57 30 the
394 1320 130 42 Jubilee
541 1317 99 45 work.
