1725 2400
474 330 35 33 96

477 411 84 30 little
591 412 115 30 favour
737 411 42 39 by
809 410 57 40 the
906 406 249 44 slave-holders,
1191 404 65 46 and
1295 403 66 47 had
1399 402 63 48 few

476 462 132 30 friends.
660 462 81 30 Free
773 459 153 34 coloured
957 457 115 39 people
1099 465 84 31 were
1215 453 170 43 forbidden
1418 452 44 45 by

476 514 62 29 law
554 517 33 26 to
605 511 162 32 associate
783 510 81 33 with
882 510 117 35 slaves,
1020 508 63 36 and
1101 506 100 39 white
1218 504 116 40 people
1351 502 109 42 would

475 567 57 26 not
549 564 83 37 keep
659 562 87 39 their
767 570 174 30 company.
987 558 109 42 There
1113 567 86 34 were
1217 556 124 45 always
1366 554 96 47 those

474 613 74 30 who
573 622 84 21 were
682 612 99 39 ready
797 615 34 35 to
848 619 114 31 wrong
986 609 93 41 them
1092 619 8 31 ;
1137 607 93 43 there
1246 616 85 34 were
1353 604 108 46 rarely

475 674 64 28 any
566 667 34 35 to
631 662 76 40 take
738 661 87 41 their
855 665 84 37 part.
996 661 43 41 So
1070 660 96 42 when
1190 658 56 44 the
1278 661 126 41 trustee
1428 656 32 46 in

474 711 111 31 whose
603 711 105 32 hands
728 711 79 31 Mrs.
825 711 146 41 Jackson
998 709 114 42 placed
1136 708 57 44 the
1215 711 155 41 property
1386 705 75 47 that

474 763 55 30 fell
552 767 33 27 to
609 762 149 41 Jennie's
786 762 131 41 mother
939 759 232 44 appropriated
1196 759 24 44 it
1249 762 34 40 to
1310 758 51 45 his
1388 767 73 36 own

474 825 69 27 use,
570 814 57 37 she
650 813 102 38 found
776 824 42 27 no
842 813 140 39 redress.
1032 813 54 39 He
1108 821 81 30 even
1216 808 187 43 attempted
1426 812 35 39 to

474 870 54 35 get
553 864 188 41 possession
766 864 33 41 of
821 864 58 41 her
904 864 93 42 "free
1021 862 150 43 papers,"
1189 861 73 44 that
1287 861 40 44 he
1353 859 108 46 might

474 915 132 39 destroy
637 915 91 39 them
761 914 64 40 and
857 913 183 41 re-enslave
1072 912 59 42 her
1156 910 65 44 and
1249 910 58 44 her
1333 909 126 45 family.

475 966 66 30 But
560 966 57 29 she
635 964 114 31 buried
765 964 92 31 them
876 963 141 39 secretly
1041 963 33 39 in
1100 963 59 39 her
1182 962 135 40 garden,
1337 960 63 42 and
1418 970 42 32 no

474 1016 171 38 promises,
678 1026 60 28 nor
768 1015 168 39 coaxings,
970 1024 60 30 nor
1062 1014 128 40 threats
1230 1011 96 42 could
1365 1011 95 43 bring

473 1065 92 30 them
586 1066 84 30 from
691 1065 87 30 their
798 1065 236 39 hiding-place,
1054 1075 36 30 so
1114 1064 78 41 long
1216 1074 37 31 as
1276 1063 93 42 there
1392 1073 68 32 was

474 1116 125 39 danger
613 1116 73 40 that
704 1116 94 40 harm
816 1116 106 40 might
940 1126 92 30 come
1050 1120 33 36 to
1100 1115 103 41 them.

516 1167 96 32 With
636 1178 35 21 so
697 1167 84 32 little
805 1167 32 32 in
862 1167 56 32 the
943 1167 53 32 old
1020 1167 97 32 home
1142 1170 33 29 to
1200 1166 96 33 make
1321 1166 24 33 it
1371 1176 87 23 seem

474 1218 63 30 like
555 1218 97 31 home
669 1221 33 28 to
720 1218 103 37 them,
839 1218 95 37 when
951 1218 119 41 Jennie
1087 1228 68 31 was
1172 1217 91 42 three
1281 1227 96 32 years
1395 1217 63 42 old,

473 1270 59 30 her
556 1269 132 31 mother
712 1270 153 30 removed
890 1269 81 31 with
999 1269 60 32 her
1081 1269 72 31 four
1176 1279 111 30 young
1311 1268 148 42 children

471 1321 83 31 from
585 1320 176 40 Kingston,
789 1320 202 40 Tennessee,
1010 1324 34 36 to
1077 1320 185 41 Nashville.
1311 1321 39 39 In
1375 1320 86 41 their

472 1377 136 36 poverty
625 1372 64 40 and
706 1372 264 40 friendlessness,
990 1371 25 41 it
1039 1383 68 30 was
1131 1382 176 30 necessary
1331 1371 49 41 for
1403 1371 56 42 the

472 1424 147 30 children
642 1427 35 27 to
702 1422 75 40 help
801 1423 33 39 in
859 1423 137 39 earning
1019 1423 87 39 their
1129 1433 73 30 own
1225 1422 103 40 living
1350 1422 109 40 when

472 1485 74 20 ever
573 1474 89 31 work
689 1474 96 31 could
813 1474 39 31 be
878 1473 101 32 found
1002 1473 48 32 for
1074 1474 103 31 them.
1225 1473 112 32 While
1360 1473 57 33 but
1441 1484 19 21 a

471 1526 88 30 child
577 1525 130 37 herself,
724 1525 118 42 Jennie
864 1529 88 39 went
975 1529 57 39 out
1054 1529 33 39 to
1110 1524 123 43 service
1257 1535 36 33 as
1318 1536 18 32 a
1360 1534 98 33 nurse

471 1576 72 39 girl.
590 1576 112 39 When
727 1576 149 39 fourteen
905 1586 36 30 or
966 1576 111 39 fifteen
1103 1576 57 39 she
1185 1587 93 29 came
1305 1575 98 40 home
1425 1579 33 36 to

471 1627 75 40 help
570 1627 59 40 her
652 1628 140 39 mother,
810 1627 75 40 who
912 1638 69 30 was
1005 1627 150 40 working
1172 1638 36 30 as
1236 1638 19 30 a
1273 1627 185 40 laundress.

513 1679 45 29 As
574 1682 56 36 yet
648 1677 58 40 she
726 1678 64 39 had
808 1689 99 29 never
924 1678 66 39 had
1008 1689 18 28 a
1043 1679 126 39 chance
1187 1683 33 35 to
1238 1689 40 29 go
1296 1683 33 35 to
1347 1678 112 39 school

471 1732 33 27 at
528 1729 54 30 all.
632 1728 30 31 It
689 1739 69 21 was
783 1730 97 30 while
909 1730 162 39 spending
1095 1730 56 39 the
1179 1730 175 39 forenoons
1383 1740 76 30 over

470 1779 56 30 the
553 1779 177 37 wash-tub,
750 1779 63 36 and
843 1779 58 36 her
928 1780 191 36 afternoons
1151 1780 33 36 in
1214 1792 18 24 a
1261 1782 195 34 freedmen's

472 1830 124 36 school,
615 1830 73 37 that
707 1830 57 37 she
783 1830 132 37 learned
934 1830 58 37 her
1015 1831 125 36 letters.
1189 1833 52 39 By
1258 1833 65 39 and
1341 1833 42 38 by
1401 1833 57 39 she

470 1881 132 30 entered
626 1880 57 31 the
708 1880 81 31 Fisk
813 1879 124 32 school.
986 1881 67 30 But
1079 1881 59 30 her
1161 1882 159 30 mother's
1344 1883 114 30 health

469 1941 81 29 gave
576 1941 84 30 way,
678 1931 64 40 and
766 1931 56 40 the
846 1930 115 41 family
986 1931 154 40 earnings
1167 1942 84 29 were
1281 1938 57 33 not
1368 1934 89 39 large

469 1983 130 39 enough
621 1986 34 36 to
679 1982 96 40 allow
791 1981 58 41 her
864 1985 34 37 to
917 1981 98 41 study
1032 1986 33 36 at
1083 1982 42 40 all
1145 1983 152 40 steadily.
1345 1985 111 39 When
