1725 2400
508 341 174 27 SINGING
701 342 165 27 BEFORE
888 343 84 25 THE
993 343 149 33 QUEEN.

319 426 196 32 introduced
546 432 35 27 to
612 428 57 31 the
702 429 126 30 British
861 429 110 40 public
1002 429 104 39 under
1136 429 56 39 the
1224 435 85 34 most

318 478 176 41 favouring
512 480 162 40 auspices.

363 530 75 31 The
462 531 79 31 visit
569 536 34 26 to
621 532 115 40 Argyll
765 531 114 41 Lodge
896 543 68 30 was
993 532 150 40 destined
1170 536 34 36 to
1227 533 39 39 be
1292 543 18 29 a

321 591 92 21 more
439 582 135 30 notable
600 588 96 26 event
719 582 82 31 than
829 583 90 41 they,
946 594 80 30 even
1051 584 33 40 in
1107 583 87 41 their
1217 588 91 36 great

321 633 225 39 gratification
564 638 33 34 at
615 634 90 38 what
721 645 69 27 was
808 638 159 36 apparent
985 635 33 39 in
1042 634 56 40 the
1124 634 184 40 invitation,

322 685 97 30 could
438 689 33 27 at
489 686 44 30 all
550 686 137 30 foresee.
734 686 72 30 The
821 686 78 31 kind
914 687 183 30 attentions
1110 687 80 30 with
1200 687 108 30 which

323 736 80 40 they
419 747 86 30 were
529 737 150 39 received
703 737 33 39 in
760 738 57 39 the
842 738 254 39 drawing-room
1114 748 83 29 were
1215 738 93 39 strik¬

323 788 92 39 ingly
443 787 33 40 in
503 792 147 36 contrast
675 788 81 39 with
783 788 87 39 their
896 789 210 39 experiences
1137 789 33 39 of
1198 794 111 34 recent

323 839 76 30 date
417 839 33 30 in
468 839 177 31 American
669 840 108 30 hotels
802 840 64 30 and
891 840 303 39 railway-stations.
1242 840 66 39 But

321 891 92 30 what
429 901 69 19 was
516 890 87 31 their
618 891 144 39 surprise
788 891 63 39 and
870 890 125 40 delight
1011 894 34 36 to
1063 891 101 39 learn,
1183 891 83 39 after
1289 901 18 29 a

324 941 84 31 little
425 941 81 31 time
523 942 188 39 pleasantly
725 945 95 36 spent
837 941 33 40 in
888 942 229 39 conversation
1131 942 79 39 with
1223 942 86 39 their

324 993 96 30 noble
447 993 94 30 hosts
567 993 65 30 and
657 993 94 30 other
774 995 125 36 guests,
917 993 74 39 that
1016 993 57 39 the
1101 993 113 39 Queen
1242 992 63 41 had

324 1044 83 30 been
425 1044 101 30 asked
543 1047 34 27 to
594 1044 39 30 be
651 1047 132 36 present
802 1044 63 39 and
882 1053 67 30 was
967 1044 155 39 expected
1140 1054 78 29 soon
1235 1044 5 39 !

368 1095 96 40 They
480 1095 65 40 had
563 1095 81 40 been
662 1095 80 41 told,
761 1095 98 41 again
882 1094 63 42 and
970 1095 108 41 again,
1096 1095 72 41 that
1186 1095 25 41 if
1230 1095 79 41 they

327 1146 97 30 could
441 1146 60 30 but
518 1146 74 39 sing
608 1146 108 39 before
732 1145 57 40 the
808 1146 114 39 Queen
939 1145 87 40 their
1049 1155 132 30 success
1197 1146 108 39 would

324 1198 39 30 be
389 1197 147 31 assured.
591 1197 66 30 But
690 1195 74 33 how
791 1200 34 28 to
855 1206 114 22 secure
997 1195 57 33 her
1081 1196 107 32 notice
1215 1196 48 32 for
1291 1207 18 21 a

326 1259 165 28 company
516 1247 33 40 of
577 1257 112 30 young
716 1246 88 41 freed
836 1246 125 41 people,
987 1246 126 41 singers
1139 1246 73 41 who
1245 1247 64 40 had

324 1299 141 39 nothing
497 1298 34 39 of
558 1308 89 29 more
671 1308 132 30 renown
827 1301 34 36 to
893 1297 78 40 offer
993 1296 81 41 than
1098 1297 56 40 the
1179 1308 128 30 prayer-

324 1350 148 38 meeting
489 1349 120 40 hymns
626 1348 108 41 which
752 1348 78 41 they
847 1348 65 41 had
935 1348 133 41 learned
1092 1347 33 42 in
1149 1348 159 41 bondage,

323 1412 69 20 was
411 1412 18 20 a
446 1401 147 39 problem
611 1410 42 30 on
669 1399 109 41 which
796 1410 42 30 no
863 1398 84 42 light
963 1399 167 41 whatever
1146 1399 64 41 had
1227 1399 81 41 been

324 1456 71 27 cast
412 1452 85 31 until
516 1451 24 32 it
558 1451 54 39 lay
630 1450 162 40 suddenly
809 1449 111 41 solved
938 1449 108 42 before
1062 1449 102 42 them.

369 1503 89 30 Soon
490 1502 85 32 after
602 1501 59 33 her
690 1500 172 39 Majesty's
894 1500 129 40 arrival,
1056 1500 56 39 the
1139 1500 96 40 Duke
1261 1500 45 40 in¬

323 1554 126 31 formed
466 1553 92 32 them
576 1552 75 33 that
669 1551 58 33 she
744 1551 108 34 would
876 1551 39 34 be
939 1551 134 39 pleased
1093 1554 33 36 to
1144 1561 54 29 see
1215 1551 90 39 them

324 1605 33 30 in
382 1615 41 20 an
450 1603 171 39 adjoining
645 1612 101 30 room.
807 1602 42 41 At
873 1602 51 41 his
956 1604 130 39 request
1110 1601 79 42 they
1214 1611 92 31 sang,

324 1657 82 36 first,
436 1654 125 39 "Steal
595 1663 93 30 away
719 1656 33 37 to
783 1652 153 41 Jesus;"
975 1651 80 42 then
1080 1650 142 42 chanted
1251 1651 56 42 the

325 1707 118 31 Lord's
470 1706 133 39 Prayer,
621 1705 63 39 and
709 1713 81 32 sang
816 1704 18 41 "
852 1703 50 42 Go
922 1702 105 42 down,
1049 1702 141 42 Moses."
1236 1701 72 43 The

326 1760 115 39 Queen
462 1755 141 44 listened
619 1754 80 45 with
726 1754 153 45 manifest
906 1754 160 45 pleasure,
1084 1754 75 45 and,
1178 1764 36 36 as
1230 1754 78 45 they

322 1809 183 36 withdrew,
540 1805 266 40 communicated
837 1804 144 41 through
1020 1804 56 41 the
1116 1804 96 41 Duke
1251 1804 58 41 her

322 1860 125 33 thanks
472 1860 56 33 .for
558 1858 57 35 the
645 1856 221 41 gratification
899 1856 80 41 they
1010 1855 64 42 had
1108 1855 95 42 given
1239 1855 66 42 her.

321 1913 110 31 There
448 1921 69 23 was
534 1920 42 24 no
594 1913 93 36 stage
709 1908 121 41 parade
855 1917 36 31 or
913 1906 141 42 theatric
1079 1915 99 33 pomp
1202 1905 32 44 in
1251 1904 56 45 the

324 1974 117 27 scene;
459 1963 58 38 but
534 1962 56 39 the
608 1959 165 42 spectacle
791 1959 34 42 of
845 1957 184 44 England's
1047 1957 113 44 Queen
1176 1955 132 46 coming

321 2016 84 32 from
428 2015 59 33 her
510 2013 114 43 palace
648 2015 34 41 to
707 2010 99 46 listen
829 2013 34 43 to
885 2008 56 48 the
966 2017 99 39 songs
1081 2005 108 51 which
1212 2006 93 50 these
