1725 2400
489 362 34 27 86

748 360 84 26 THE
852 357 180 37 JUBILEE
1049 355 184 39 SINGERS.

533 447 128 39 During
693 446 79 43 July
803 444 65 45 and
898 444 143 45 August,
1074 441 135 48 months
1249 438 133 51 usually
1421 448 57 41 un¬

488 497 190 31 favourable
696 501 34 27 to
747 498 133 30 concert
897 493 153 39 receipts,
1069 491 89 41 their
1175 489 253 43 appointments
1446 492 33 39 at

488 548 132 30 various
637 547 111 39 places
765 546 33 41 in
816 544 119 42 Wales
959 543 65 44 and
1047 542 57 45 the
1130 541 107 45 South
1262 540 34 47 of
1323 538 157 48 England

489 598 97 36 drew,
605 597 180 39 generally,
803 595 85 41 good
912 594 191 42 audiences.
1152 593 30 43 It
1206 602 80 34 was,
1315 591 162 45 however,

490 648 84 30 after
599 648 58 30 the
682 647 58 31 fall
756 645 90 33 work
876 645 106 39 began
1007 644 33 41 in
1065 643 160 42 Scotland
1256 642 75 43 that
1358 642 26 42 it
1410 653 69 32 was

489 702 87 27 most
594 697 155 31 manifest
774 696 74 32 how
864 695 219 40 wide-spread
1101 695 64 40 and
1191 694 117 41 hearty
1331 704 68 31 was
1423 693 56 42 the

489 749 135 31 interest
641 749 81 31 with
742 747 108 33 which
864 747 87 33 their
963 750 112 30 return
1089 756 68 24 was
1171 745 150 35 awaited.
1368 745 111 39 Appli¬

489 801 129 31 cations
649 801 49 31 for
723 803 150 29 concerts
906 798 123 41 poured
1052 798 33 42 in
1107 798 83 42 from
1215 807 96 32 every
1345 801 135 39 quarter

490 853 33 30 of
537 852 57 31 the
611 852 167 40 kingdom.
826 851 75 41 Full
919 850 122 42 houses
1059 853 67 39 met
1143 849 92 42 them
1253 849 220 43 everywhere.

488 905 42 29 At
549 904 186 36 Inverness,
753 903 109 38 where
886 902 81 40 they
991 901 163 41 appeared
1173 901 104 41 under
1293 900 56 42 the
1368 903 108 39 patro¬

489 965 84 29 nage
597 954 35 39 of
654 954 57 39 the
738 954 139 39 Provost
906 953 197 41 Magistrate
1134 952 65 42 and
1223 951 95 42 other
1344 951 134 43 leading

489 1005 148 37 citizens,
664 1005 57 37 the
756 1004 108 39 Music
891 1004 80 39 Hall
994 1013 69 30 was
1096 1002 99 40 much
1227 1006 55 36 too
1314 1002 98 41 small
1442 1005 35 37 to

489 1056 249 30 accommodate
762 1055 57 31 the
852 1064 97 30 eager
975 1053 126 41 crowds
1128 1053 75 41 that
1229 1052 163 42 thronged
1422 1052 55 42 the

489 1106 94 31 doors
600 1116 42 21 on
658 1110 65 27 two
741 1105 187 32 successive
946 1104 171 40 evenings.

529 1158 43 30 At
588 1158 181 36 Aberdeen,
789 1156 87 38 Lord
896 1155 138 39 Kintore
1049 1166 69 28 was
1135 1155 105 39 active
1258 1155 33 39 in
1309 1153 111 41 efforts
1437 1158 34 36 to

489 1208 96 30 make
596 1208 87 31 their
698 1207 78 32 visit
793 1218 18 21 a
828 1212 93 33 great
938 1216 144 29 success.
1114 1206 43 39 At
1176 1206 150 39 Dundee,
1341 1206 137 39 Provost

489 1260 69 30 Cox
574 1259 150 40 presided
749 1263 33 36 at
806 1258 87 41 their
918 1261 144 38 concert,
1082 1257 64 42 and
1163 1257 57 42 the
1236 1256 141 43 receipts
1394 1266 84 33 were

489 1311 106 39 larger
610 1310 81 40 than
709 1320 42 30 on
767 1308 88 42 their
870 1310 71 40 first
954 1308 78 42 visit
1049 1312 34 38 to
1097 1308 73 42 that
1188 1308 67 42 city
1273 1308 32 42 in
1323 1308 57 42 the
1397 1307 79 43 high

488 1359 66 30 tide
579 1359 35 31 of
639 1358 208 33 enthusiasm
876 1362 66 29 two
966 1367 96 32 years
1086 1357 120 42 before.
1254 1357 42 42 At
1323 1356 57 42 the
1404 1356 71 42 first

488 1414 131 27 concert
652 1410 32 31 in
718 1410 168 39 Glasgow,
913 1409 97 40 given
1042 1408 33 41 in
1101 1408 57 41 the
1188 1407 117 42 Kibble
1338 1407 133 42 Crystal

489 1461 130 37 Palace,
636 1461 57 37 the
711 1460 141 40 receipts
868 1460 51 40 for
933 1460 122 40 tickets
1073 1459 65 41 and
1153 1458 58 42 the
1229 1458 115 42 profits
1362 1468 42 32 on
1419 1458 58 42 the

488 1513 67 30 sale
573 1512 33 31 of
621 1512 102 31 books
739 1512 49 32 for
804 1512 56 32 the
878 1521 60 22 one
957 1510 141 39 evening
1112 1509 180 40 amounted
1308 1513 35 36 to
1362 1510 114 40 nearly

488 1565 101 39 £325.
635 1565 42 39 At
696 1563 207 41 Edinburgh,
921 1562 108 42 where
1047 1562 57 42 the
1122 1561 92 42 chair
1228 1572 69 32 was
1314 1561 99 42 taken
1431 1572 42 32 on

487 1626 60 20 one
579 1614 141 40 evening
749 1614 42 40 by
822 1613 265 42 Lord-Provost
1116 1612 167 42 Falshaw,
1308 1611 168 43 hundreds

486 1677 84 20 were
585 1666 119 31 turned
722 1676 93 29 away
831 1665 83 39 from
928 1664 57 41 the
998 1664 96 41 doors
1112 1664 34 41 of
1165 1663 57 42 the
1241 1663 109 42 Music
1379 1664 92 41 Hall,

486 1728 81 19 even
585 1717 83 30 after
683 1717 44 30 all
744 1716 266 40 standing-room
1028 1716 66 40 had
1110 1716 82 40 been
1209 1716 195 40 exhausted.

528 1767 72 31 The
618 1767 153 39 religious
787 1767 94 39 effect
896 1766 33 40 of
942 1766 86 40 their
1041 1767 240 39 concert-work
1296 1776 69 30 was
1380 1777 98 29 never

487 1827 89 21 more
597 1818 180 39 gratifying
800 1827 60 30 nor
879 1817 168 40 manifest.
1094 1817 133 40 Several
1245 1817 35 40 of
1301 1816 86 41 their
1404 1828 72 29 new

487 1878 109 30 songs,
615 1866 225 41 particularly,
858 1866 131 41 seemed
1011 1869 34 38 to
1062 1865 84 42 have
1164 1878 18 30 a
1199 1867 147 40 peculiar
1368 1878 110 30 power

486 1922 33 30 in
536 1920 157 40 reaching
708 1920 56 40 the
782 1919 111 42 hearts
910 1919 35 42 of
964 1918 88 42 their
1068 1919 189 42 audiences.
1305 1920 93 40 After
1414 1932 61 28 one

486 1971 34 30 of
533 1971 57 31 the
603 1974 150 28 concerts
769 1969 33 33 in
816 1970 168 39 Glasgow,
999 1979 41 30 an
1054 1970 166 39 unknown
1236 1970 105 39 friend
1359 1972 117 39 placed

486 2022 67 40 £15
579 2022 33 41 in
631 2022 57 41 the
710 2020 106 42 hands
832 2020 36 42 of
888 2030 61 33 one
966 2020 34 42 of
1020 2019 57 44 the
1100 2020 147 42 Singers,
1266 2031 36 31 as
1320 2033 19 30 a
1356 2023 119 39 contri-
