1725 2400
397 341 214 27 PROGRESS
630 342 61 26 AT
707 342 100 26 RISK
827 340 259 27 UNIVERSITY.
1209 347 32 27 79

287 426 85 33 This
388 439 80 30 year
484 440 69 29 was
572 429 137 40 marked
726 429 42 40 by
786 429 126 41 several
931 432 114 38 events
1063 427 34 42 of
1119 426 123 43 special

244 478 151 33 interest.
445 480 161 31 Hitherto
624 481 57 30 the
701 481 195 39 University
913 480 64 40 had
1002 480 82 41 been
1101 479 141 42 without

245 541 19 20 a
282 531 185 31 President.
519 533 50 30 Its
586 533 91 30 work
690 532 65 31 had
772 533 83 30 been
873 532 149 31 outlined
1040 531 64 32 and
1122 530 120 40 guided

246 582 33 30 in
296 583 43 30 its
363 584 135 39 general
516 584 147 39 features
687 585 42 39 by
753 584 57 40 the
834 584 177 40 American
1041 582 201 42 Missionary

245 634 224 31 Association.
518 636 31 30 It
574 646 70 20 was
672 636 59 30 felt
759 635 74 31 that
856 636 57 30 the
942 636 80 30 time
1055 634 66 32 had
1149 645 93 21 corne

245 685 96 30 when
367 696 18 20 a
410 687 138 39 capable
573 687 174 39 President
768 687 119 39 should
904 687 76 39 take
1003 686 121 40 charge
1149 687 34 39 of
1204 686 36 40 it,

246 738 181 39 supported
453 738 42 40 by
528 749 19 30 a
579 738 274 40 fully-organised
884 739 136 39 faculty.
1080 739 65 39 For
1174 738 68 41 this

244 789 105 40 place,
378 790 82 39 Rev.
491 790 41 39 E.
560 790 46 39 M.
633 790 160 39 Cravath,
822 790 101 39 M.A.,
949 800 69 29 was
1043 789 57 40 the
1128 789 114 40 unani¬

245 851 97 20 mous
360 841 72 30 first
451 840 114 31 choice
584 841 34 30 of
639 841 44 30 its
707 845 144 27 trustees
876 840 65 31 and
966 840 135 31 friends.
1149 841 92 30 More

244 892 84 30 than
354 903 65 29 any
436 903 62 30 one
524 893 67 39 else
616 892 42 40 he
678 892 65 40 had
768 892 65 40 had
858 892 56 40 the
938 891 249 41 responsibility
1211 891 33 41 of

247 944 43 30 its
315 944 278 38 establishment;
626 944 75 38 and,
728 944 119 39 during
870 943 52 40 his
948 944 202 39 subsequent
1176 954 65 30 ser¬

244 995 73 31 vice
354 996 50 30 for
429 996 128 30 several
584 1006 96 30 years
715 1006 36 30 as
784 995 94 41 Field
910 996 174 40 Secretary
1116 995 33 41 of
1185 994 57 42 the

246 1047 225 37 Association,
498 1047 57 37 the
583 1047 123 36 burden
732 1047 34 37 of
795 1046 161 39 planning
981 1045 43 40 its
1047 1046 99 39 work,
1177 1046 64 39 and

246 1098 175 40 providing
438 1098 49 41 for
504 1098 44 41 its
564 1101 119 37 wants,
703 1098 65 41 had
786 1097 108 42 rested
912 1097 119 42 chiefly
1048 1107 88 31 upon
1160 1096 80 42 him.

249 1150 54 30 He
321 1149 66 31 had
412 1149 125 40 piloted
555 1149 24 40 it
603 1149 146 40 through
774 1160 19 29 a
818 1159 55 30 sea
902 1149 34 40 of
957 1148 199 41 difficulties,
1177 1148 63 41 and

246 1205 34 27 to
298 1201 69 30 him
393 1200 25 31 it
442 1200 93 31 owed
559 1201 100 30 much
689 1200 34 31 of
744 1200 43 32 its
814 1210 144 21 success.
1006 1199 175 33 Educated
1207 1203 32 28 at

247 1252 220 40 anti-slavery
494 1251 146 41 Oberlin,
660 1251 64 41 and
751 1251 169 42 identified
945 1251 43 42 all
1014 1251 50 42 his
1088 1250 54 42 life
1160 1250 80 42 with

246 1304 219 39 anti-slavery
482 1303 105 40 effort,
606 1302 41 41 he
663 1313 69 30 was
748 1302 57 41 felt
822 1306 33 37 to
875 1302 38 41 be
927 1301 158 42 specially
1097 1302 143 42 adapted

246 1356 65 30 and
329 1354 256 40 providentially
601 1353 120 41 guided
739 1358 33 36 to
790 1353 57 42 the
864 1353 105 41 place.
1013 1353 73 42 And
1104 1363 36 31 as
1158 1363 79 31 soon

246 1417 36 20 as
308 1410 116 27 events
448 1406 126 39 shaped
603 1416 36 29 so
665 1405 75 40 that
768 1404 41 41 he
838 1404 96 41 could
958 1404 75 42 well
1056 1404 39 42 be
1122 1404 117 42 spared

244 1458 84 30 from
353 1458 97 30 those
475 1457 119 37 duties,
614 1457 42 37 he
681 1455 156 40 resigned
862 1455 51 40 his
939 1455 244 40 secretaryship
1208 1456 31 39 in

244 1509 57 30 the
326 1509 213 31 Association
561 1508 66 32 and
651 1507 134 33 entered
808 1518 88 29 upon
921 1507 57 39 the
1001 1517 73 30 new
1092 1507 100 39 work.

290 1562 39 29 In
360 1561 93 39 1875,
481 1560 81 40 also,
590 1559 57 41 the
676 1558 193 42 University
895 1557 183 42 graduated
1104 1558 43 42 its
1168 1559 71 41 first

246 1613 126 39 college
390 1612 99 39 class.
538 1611 30 41 It
585 1610 66 42 had
669 1609 98 42 taken
787 1620 90 32 some
897 1608 35 43 of
949 1608 103 43 them,
1071 1613 56 39 ten
1145 1620 95 31 years

245 1663 121 36 before,
393 1662 81 38 with
501 1661 86 39 little
614 1671 90 29 more
736 1660 81 39 than
845 1671 18 29 a
894 1659 194 40 knowledge
1120 1661 34 39 of
1182 1661 55 39 the

246 1715 168 40 alphabet,
446 1713 65 42 and
537 1713 127 42 carried
690 1712 92 43 them
810 1711 144 44 through
982 1712 161 43 extended
1170 1723 69 32 pre¬

246 1770 158 36 paratory
425 1764 127 42 studies
570 1764 65 42 and
654 1775 18 32 a
690 1764 164 43 thorough
877 1763 154 44 classical
1059 1774 126 33 course,
1206 1769 34 38 to

245 1818 57 30 the
331 1817 93 39 point
452 1816 109 40 where
580 1827 18 30 a
615 1815 84 41 rigid
726 1815 224 42 examination
978 1815 153 42 awarded
1147 1815 91 42 them

243 1869 58 30 the
321 1869 117 39 degree
460 1867 33 40 of
520 1867 81 40 B.A.
649 1867 43 40 At
717 1866 196 42 graduation
934 1876 61 31 one
1020 1876 69 31 was
1117 1865 122 42 chosen

244 1920 183 30 instructor
455 1918 33 33 in
516 1918 57 33 the
604 1917 204 40 University,
840 1917 63 40 and
926 1917 112 41 others
1066 1916 101 42 found
1193 1926 46 31 re¬

245 1971 169 42 sponsible
432 1970 164 42 positions
614 1969 159 43 awaiting
789 1968 93 44 them
900 1978 36 34 as
962 1966 153 46 teachers
1133 1966 32 46 in
1183 1967 56 45 the

245 2024 78 40 City
341 2022 140 42 Schools
499 2026 33 38 at
552 2021 173 43 Nashville
744 2020 63 44 and
827 2018 177 46 Memphis.
1052 2017 80 47 Two
1155 2029 84 35 were
