1751 2418
437 351 34 25 4°

706 349 83 26 THE
809 350 178 33 JUBILEE
1006 351 183 32 SINGERS.

436 433 63 30 and
526 434 76 31 hills
630 435 64 30 and
719 436 135 39 valleys,
873 436 149 39 parlours
1046 438 64 38 and
1136 438 97 38 halls,
1251 439 168 36 wherever

435 483 78 40 they
529 489 97 34 went,
645 495 82 27 were
741 486 93 36 vocal
852 486 82 36 with
951 487 55 36 the
1023 487 127 41 Jubilee
1170 489 168 39 melodies.

477 534 90 30 After
585 545 18 20 a
618 536 92 29 week
726 540 95 34 spent
839 536 33 39 in
891 537 209 39 Cambridge,
1119 538 153 38 Chelsea,
1293 538 123 39 Salem,

435 585 63 30 and
531 585 252 39 Newburyport,
817 587 79 39 they
927 588 119 39 visited
1088 589 169 37 Portland,
1293 590 122 38 Maine,

434 634 107 30 where
558 634 56 30 the
633 636 138 30 Council
789 637 156 30 tendered
962 638 90 30 them
1071 639 56 30 the
1152 639 65 30 free
1236 651 57 20 use
1311 640 35 31 of
1360 641 55 30 the

435 684 66 39 city
526 684 78 39 hall.
652 686 255 37 Remunerative
932 693 149 30 concerts
1104 690 150 33 followed
1278 696 31 27 at
1330 693 84 31 Con¬

434 735 75 30 cord
538 735 64 30 and
632 736 166 39 Hanover,
832 739 83 36 New
948 741 225 39 Hampshire;
1206 743 50 37 St.
1290 743 121 41 Johns-

432 785 92 40 bury,
543 786 171 39 Vermont,
740 789 63 36 and
829 789 210 41 Springfield,
1059 792 278 39 Massachusetts,
1356 796 57 36 the

432 835 99 32 latter
569 837 144 40 yielding
746 839 129 41 $1,050.
945 842 94 38 With
1073 855 18 25 a
1122 845 93 38 night
1249 849 32 33 at
1314 846 98 42 Troy,

432 886 82 30 New
543 888 99 38 York,
661 890 63 36 and
753 891 139 34 another
921 897 33 29 at
980 894 259 42 Poughkeepsie,
1264 897 55 38 the
1343 897 70 38 first

432 939 144 30 season's
594 939 131 40 singing
738 942 174 40 campaign
926 945 121 38 closed.
1087 945 72 37 The
1176 947 77 36 fruit
1272 948 34 34 of
1319 948 94 34 these

429 987 93 32 three
546 990 142 30 months'
712 993 89 30 work
823 1004 68 20 was
917 993 151 39 $20,000,
1088 1007 89 25 more
1206 999 81 33 than
1320 999 93 33 three

430 1038 96 32 times
547 1050 35 20 as
601 1041 96 30 much
722 1053 35 20 as
780 1044 86 30 their
888 1046 205 31 enthusiasm
1120 1047 64 30 had
1210 1049 98 30 dared
1329 1050 84 40 hope

429 1089 48 30 for
501 1090 95 30 when
620 1092 141 40 starting
784 1098 56 33 out
864 1095 81 37 from
965 1097 82 35 New
1069 1098 89 33 York
1181 1109 41 23 on
1245 1099 57 33 the
1326 1100 85 32 Con¬

429 1140 147 31 necticut
596 1143 186 40 campaign.

475 1191 29 30 It
528 1202 68 21 was
620 1203 18 19 a
662 1193 83 32 tired
769 1195 57 31 but
855 1197 234 39 light-hearted
1116 1205 96 36 party
1239 1202 74 39 that
1338 1213 74 28 now

429 1242 125 30 started
595 1244 198 33 homeward.
855 1247 93 41 They
980 1250 63 38 had
1077 1251 124 40 bought
1234 1254 175 38 first-class

426 1291 119 32 tickets
559 1293 81 31 from
656 1296 82 31 New
755 1297 88 30 York
859 1302 33 27 to
912 1299 181 39 Nashville,
1114 1303 64 36 and
1202 1314 42 25 on
1266 1305 144 41 arriving

427 1347 33 27 at
485 1343 56 30 the
567 1345 122 31 station
718 1346 32 31 in
778 1347 182 33 Louisville
987 1352 90 40 early
1105 1353 30 39 in
1162 1353 57 39 the
1244 1356 163 41 morning,

428 1394 132 30 entered
591 1395 55 30 the
679 1398 204 39 unoccupied
921 1401 223 40 sitting-room
1179 1405 155 39 assigned
1373 1412 34 33 to

426 1444 173 32 first-class
632 1457 206 31 passengers.
900 1451 27 37 A
952 1452 134 42 railway
1112 1455 129 40 employe
1276 1458 132 39 coming

426 1495 98 40 along
540 1506 79 29 soon
645 1498 200 40 afterwards,
864 1512 81 29 gave
971 1503 109 37 notice
1108 1505 73 36 that
1210 1508 20 33 "
1243 1506 133 41 niggers
1389 1510 17 37 "

424 1555 84 21 were
539 1551 57 27 not
628 1548 137 33 allowed
798 1551 32 30 in
860 1552 73 31 that
966 1563 102 29 room,
1103 1556 64 36 and
1191 1557 134 35 ordered
1350 1560 57 33 the

425 1601 95 36 party
537 1601 66 36 out.
646 1599 62 38 Mr.
727 1601 114 36 White
859 1602 141 35 claimed
1024 1605 55 32 the
1098 1606 87 40 right
1203 1611 33 35 to
1255 1608 81 41 keep
1355 1611 51 39 his

423 1656 163 32 company
618 1650 91 39 there
750 1652 41 41 by
828 1653 105 40 virtue
974 1655 33 38 of
1041 1656 87 36 their
1167 1658 132 40 tickets,
1342 1662 63 36 and

423 1698 148 31 declined
609 1704 33 27 to
681 1702 90 30 leave
804 1704 84 30 until
921 1707 118 30 turned
1071 1712 57 27 out
1159 1709 45 41 by
1235 1721 91 29 some
1359 1723 47 27 re¬

423 1749 165 38 sponsible
619 1752 178 40 authority.
843 1754 198 42 Thereupon
1075 1769 19 27 a
1125 1761 186 39 policeman
1336 1773 69 26 was

422 1797 150 41 brought,
601 1800 84 38 who,
711 1803 79 36 with
824 1815 102 31 angry
954 1809 174 40 profanity,
1161 1811 127 39 ejected
1314 1814 90 36 them

421 1848 81 30 from
521 1850 56 30 the
594 1861 102 27 room,
717 1853 88 36 amid
822 1854 56 34 the
897 1857 157 39 applause
1074 1860 33 36 of
1131 1870 18 26 a
1173 1863 135 40 cursing
1329 1866 75 37 mob

421 1898 33 30 of
483 1910 60 20 one
575 1911 36 21 or
648 1905 63 27 two
750 1903 167 33 thousand
956 1909 126 39 people.
1144 1910 72 38 The
1256 1916 147 37 superin¬

420 1950 135 30 tendent
582 1952 35 30 of
640 1953 56 30 the
723 1955 89 37 road,
840 1956 160 40 however,
1030 1970 36 26 as
1098 1960 41 36 he
1171 1962 60 33 has
1264 1966 95 30 made
1385 1978 18 19 a

420 2000 90 31 habit
534 2002 33 30 of
592 2004 99 40 doing
714 2015 73 29 ever
808 2007 88 37 since
920 2009 94 35 when
1037 2011 56 33 the
1116 2018 95 36 party
1231 2015 83 39 have
1338 2017 64 36 had
