1725 2400
519 321 85 31 THE
623 323 124 30 FIRST
768 327 108 26 VISIT
894 324 49 31 TO
963 325 176 30 LONDON.
1294 334 27 29 $t

669 815 222 33 CHAPTER
922 817 80 30 VII.

551 909 72 23 the
648 910 101 22 first
771 910 92 23 visit
887 910 43 23 to
955 910 153 23 london.

340 985 28 30 A
393 993 114 22 study
532 987 34 29 of
586 987 56 30 the
668 987 169 38 situation,
857 998 40 27 on
927 988 62 36 Mr.
1017 987 108 37 Pike's
1150 986 117 39 arrival
1291 986 31 39 in

342 1037 142 30 London
501 1037 33 30 in
558 1038 144 30 advance
726 1038 34 30 of
780 1039 56 29 the
863 1039 144 38 Singers,
1025 1038 95 39 made
1145 1038 23 39 it
1187 1041 33 36 at
1244 1047 79 30 once

343 1092 162 35 apparent
523 1088 72 39 that
613 1089 57 38 the
687 1089 232 37 endorsement
938 1089 63 37 and
1018 1093 178 34 patronage
1214 1088 33 39 of
1261 1088 61 39 dis¬

342 1137 192 40 tinguished
563 1140 126 39 people,
717 1139 108 39 which
852 1140 65 39 had
945 1140 81 39 been
1051 1139 80 39 such
1157 1149 18 29 a
1202 1138 122 40 helpful

340 1188 127 30 feature
486 1189 35 30 of
534 1189 56 30 the
608 1190 90 30 work
715 1190 33 30 in
762 1190 162 38 America,
936 1200 84 27 were
1038 1189 66 39 still
1122 1199 89 29 more
1225 1188 97 39 indis¬

340 1240 159 39 pensable
516 1243 33 36 to
569 1251 41 28 an
635 1241 90 39 early
742 1241 63 39 and
830 1241 90 39 large
945 1251 132 30 success
1101 1239 33 41 in
1160 1239 164 41 England.

343 1291 116 30 Under
481 1302 19 20 a
523 1291 175 39 favouring
723 1291 212 39 Providence,
954 1291 57 39 the
1035 1292 113 39 letters
1173 1290 33 40 of
1227 1290 97 41 intro¬

342 1342 135 30 duction
502 1342 189 39 previously
721 1342 190 39 mentioned
941 1342 147 39 speedily
1116 1341 125 40 opened
1270 1341 55 41 the

340 1403 74 30 way
430 1397 33 36 to
489 1394 43 39 all
558 1394 34 39 of
612 1393 57 40 the
694 1393 183 40 assistance
903 1393 33 40 of
957 1392 66 41 this
1049 1396 66 37 sort
1140 1392 72 41 that
1230 1392 95 42 could

341 1443 84 31 have
442 1444 81 30 been
542 1444 108 39 hoped
666 1444 60 39 for.

383 1495 73 30 The
471 1496 80 30 Earl
565 1495 34 30 of
615 1495 225 40 Shaftesbury,
855 1495 81 40 than
947 1494 109 41 whom
1073 1505 41 30 no
1127 1504 75 31 man
1217 1494 32 42 in
1264 1503 63 32 any

342 1546 135 38 station,
497 1557 41 27 on
556 1546 106 38 either
684 1546 68 38 side
771 1546 33 38 of
824 1546 57 38 the
897 1545 158 39 Atlantic,
1074 1545 60 39 has
1155 1545 96 39 given
1275 1545 51 39 his

341 1597 55 30 life
414 1608 90 19 more
530 1596 183 39 untiringly
731 1596 63 39 and
819 1596 194 39 unselfishly
1029 1600 34 36 to
1089 1605 95 30 every
1200 1595 126 41 species

341 1647 35 30 of
396 1647 248 39 philanthropic
663 1647 102 39 effort,
786 1650 33 36 at
836 1657 81 29 once
935 1646 196 40 manifested
1155 1645 99 41 much
1279 1644 45 42 in¬

341 1702 102 26 terest
461 1698 33 30 in
514 1698 57 30 the
596 1697 192 39 enterprise.
834 1697 108 39 There
959 1707 68 29 was
1051 1707 42 29 no
1118 1707 60 30 one
1203 1696 66 40 else
1293 1695 32 41 in

341 1749 57 30 the
423 1748 159 40 kingdom
606 1748 112 40 whose
744 1749 91 39 rank,
861 1748 168 40 relations,
1050 1747 63 41 and
1137 1746 188 42 reputation

341 1800 109 31 would
468 1799 151 32 combine
636 1803 34 28 to
687 1799 95 32 make
807 1799 68 32 him
900 1799 81 32 such
1000 1809 18 21 a
1033 1798 152 33 valuable
1209 1801 117 36 patron

341 1851 66 31 and
430 1851 117 31 friend.
608 1851 52 30 He
684 1861 68 21 was
777 1850 171 32 President
973 1850 35 32 of
1035 1850 56 32 the
1116 1848 210 33 Freedmen's

342 1902 160 31 Missions
519 1902 62 32 Aid
600 1902 144 40 Society,
762 1902 56 40 the
837 1901 141 41 English
1002 1899 223 42 organisation
1249 1909 75 33 aux¬

340 1953 96 42 iliary
453 1958 34 36 to
510 1953 57 41 the
591 1953 177 42 American
795 1952 200 42 Missionary
1019 1950 219 45 Association.
1287 1950 38 45 In

340 2004 204 31 accordance
561 2004 81 32 with
660 2003 51 33 his
729 2003 123 36 advice,
867 2004 249 37 arrangements
1128 2011 84 30 were
1230 2000 94 42 made

812 2054 48 37 5*
