1725 2400
1125 114 5 12 1
1230 114 29 20 V

689 372 84 24 THE
792 371 180 33 JUBILEE
990 372 183 33 SINGERS.

490 459 30 30 It
540 468 67 20 was
628 458 56 30 the
708 458 130 30 natural
864 457 102 31 result
994 458 72 30 that
1092 457 57 31 the
1176 467 115 30 camps
1316 459 34 39 of
1371 459 57 39 the

449 508 110 30 Union
584 518 92 29 army
691 507 119 39 should
835 510 33 36 at
885 517 81 30 once
990 507 135 39 become
1150 507 95 40 cities
1262 507 35 39 of
1317 507 112 39 refuge

447 557 47 31 for
518 557 135 39 fugitive
679 558 117 39 slaves.
843 557 28 39 A
900 558 82 39 New
1009 557 156 39 England
1191 558 147 39 general,
1355 558 75 38 who

447 608 64 31 had
536 609 81 30 been
645 608 32 31 in
704 609 87 30 close
808 607 147 41 political
981 607 143 41 alliance
1149 608 81 40 with
1256 608 57 40 the
1339 608 92 40 slave

449 669 108 30 power
579 659 85 39 until
689 659 24 39 it
738 659 108 39 raised
871 659 43 39 its
946 660 90 39 hand
1063 664 34 34 to
1125 659 102 39 strike
1252 660 96 39 down
1372 660 59 39 the

450 709 121 39 Union,
586 720 82 30 gave
684 710 92 40 them
794 720 19 30 a
829 720 98 30 name
944 711 64 39 and
1026 721 19 29 a
1062 710 193 40 recognised
1272 710 161 40 standing

450 762 31 29 in
495 759 56 32 the
568 760 144 41 military
729 760 83 41 lines
836 771 36 30 as
891 762 20 39 "
925 761 205 40 contraband
1155 761 35 40 of
1209 761 101 40 war."
1356 761 75 40 And

450 813 42 39 by
507 811 64 40 and
594 811 42 41 by
653 812 91 40 there
762 822 93 30 came
876 811 83 41 from
981 811 57 41 the
1062 811 86 41 good
1166 811 174 41 President
1358 812 75 40 who

452 861 63 33 had
541 872 35 23 so
604 862 160 41 patiently
785 862 96 41 bided
909 863 57 40 the
990 862 91 41 time,
1107 862 57 41 the
1191 861 243 42 proclamation

453 914 72 31 that
555 913 96 32 made
682 912 57 33 the
764 924 102 30 army,
898 913 33 41 in
956 912 56 42 the
1044 913 66 41 aim
1143 924 36 30 as
1203 914 75 40 well
1311 923 37 31 as
1378 912 56 42 the

456 963 143 32 incident
616 963 33 32 of
663 963 43 33 its
721 964 99 37 work,
840 974 42 27 an
899 974 93 30 army
1010 964 34 40 of
1058 963 259 42 emancipation.

498 1015 49 30 Its
561 1014 144 31 advance
715 1024 67 21 was
798 1014 57 32 the
868 1014 108 41 signal
992 1014 50 40 for
1054 1025 19 30 a
1089 1014 83 40 rally
1186 1014 34 41 of
1229 1014 108 40 slaves
1353 1014 84 40 from

458 1065 42 30 all
525 1065 55 30 the
607 1068 138 36 country
768 1065 104 39 round
900 1068 33 36 to
960 1064 110 40 follow
1097 1064 36 40 it,
1150 1065 80 39 they
1253 1064 96 40 knew
1380 1068 57 36 not

458 1115 149 36 whither,
625 1125 76 27 save
723 1113 73 38 that
816 1113 25 38 it
858 1124 69 27 was
943 1118 33 33 to
996 1113 157 38 freedom.
1201 1113 95 42 They
1312 1114 127 40 flocked

459 1164 32 30 in
508 1175 86 30 upon
610 1164 56 41 the
683 1164 65 41 line
765 1164 35 41 of
813 1163 113 42 march
946 1164 42 41 by
1005 1164 218 42 bridle-paths
1240 1164 65 41 and
1327 1175 113 30 across

459 1216 56 30 the
544 1215 111 37 fields;
687 1215 53 38 old
768 1225 74 27 men
871 1225 41 27 on
942 1215 165 38 crutches,
1140 1215 114 38 babies
1283 1226 42 27 on
1355 1215 86 37 their

462 1266 155 31 mothers'
645 1265 121 38 backs;
798 1275 128 27 women
952 1266 145 40 wearing
1121 1266 56 40 the
1206 1266 134 40 cast-off
1364 1266 76 39 blue

459 1316 127 41 jackets
608 1316 33 41 of
663 1315 133 42 Yankee
813 1317 131 41 cavalry
966 1327 87 30 men,
1077 1317 81 41 boys
1175 1316 33 42 in
1230 1317 210 41 abbreviated

462 1371 151 27 trowsers
630 1368 33 31 of
677 1368 86 31 rebel
780 1377 97 31 grey;
904 1368 192 41 sometimes
1113 1368 138 41 lugging
1276 1378 19 30 a
1318 1368 123 41 bundle

463 1419 33 31 of
507 1418 180 32 household
698 1419 101 40 goods
813 1419 160 40 snatched
990 1419 83 40 from
1090 1418 87 41 their
1188 1419 114 40 cabins
1316 1430 36 29 as
1363 1419 78 40 they

463 1470 72 37 fled,
549 1469 189 38 sometimes
756 1468 106 42 riding
878 1479 42 30 an
937 1469 53 41 old
1004 1469 87 41 mule
1110 1470 20 40 "
1143 1470 168 40 borrowed
1323 1470 18 39 "
1358 1470 83 40 from

465 1521 20 14 "
497 1521 129 37 mas'r,"
645 1520 57 38 but
719 1520 124 38 oftener
865 1520 184 40 altogether
1073 1520 270 41 empty-handed,
1361 1520 81 41 with

465 1571 138 40 nothing
626 1571 165 40 whatever
818 1575 33 36 to
875 1572 90 39 show
990 1571 48 40 for
1057 1572 85 39 their
1166 1571 137 40 lifetime
1329 1571 34 40 of
1385 1582 57 29 un¬

464 1623 165 30 rewarded
654 1623 68 30 toil.
771 1623 66 30 But
860 1623 78 39 they
954 1633 82 29 were
1047 1623 87 40 free;
1161 1623 64 40 and
1248 1622 81 41 with
1354 1623 89 40 what

466 1672 161 39 swinging
655 1673 33 39 of
716 1674 120 39 ragged
863 1673 84 39 hats,
976 1674 63 39 and
1065 1673 123 39 tumult
1220 1672 34 40 of
1285 1671 159 41 rejoicing

465 1722 112 30 hearts
597 1722 63 30 and
682 1723 124 30 fervent
826 1725 18 28 "
861 1724 72 30 God
955 1724 87 30 bless
1065 1725 116 39 you's"
1207 1724 79 40 they
1310 1724 134 40 greeted

465 1772 84 30 their
574 1773 173 30 deliverers
761 1773 6 29 !
816 1774 19 28 "
852 1773 69 30 The
944 1784 78 29 year
1045 1774 35 39 of
1098 1774 156 39 jubilee,"
1280 1773 35 40 of
1335 1773 108 39 which

465 1822 77 39 they
559 1822 64 39 had
646 1833 84 29 sung
753 1823 63 39 and
840 1822 48 39 for
910 1822 108 39 which
1041 1823 78 39 they
1143 1823 64 39 had
1232 1823 122 39 prayed
1379 1823 64 39 and

465 1872 118 30 waited
601 1883 34 20 so
654 1883 99 29 many
767 1883 104 30 years,
889 1872 63 40 had
970 1882 91 30 come
1079 1876 33 36 at
1130 1872 81 40 last!

510 1923 49 39 By
575 1922 67 39 this
659 1922 123 39 violent
808 1922 243 39 emancipation
1069 1921 33 40 of
1118 1932 147 30 war—so
1291 1922 150 39 different

467 1973 31 30 in
521 1972 42 30 its
579 1983 129 29 process
732 1972 81 39 from
831 1972 54 39 the
910 1971 147 40 peaceful
1079 1971 156 40 abolition
1260 1971 49 40 for
1332 1972 109 39 which

467 2022 55 30 the
549 2022 120 31 friends
693 2022 33 31 of
744 2022 54 31 the
819 2022 87 30 slave
929 2022 65 31 had
1021 2022 81 31 been
1129 2031 35 21 so
1198 2022 77 40 long
1307 2022 135 40 looking
