<?xml version="1.0" encoding="utf-8"?>
<alto xmlns:xlink="http://www.w3.org/1999/xlink" xmlns:xsi="http://www.w3.org/2001/XMLSchema-instance" xsi:schemaLocation="http://www.loc.gov/standards/alto/ns-v2# http://www.loc.gov/standards/alto/alto-v2.0.xsd" xmlns="http://www.loc.gov/standards/alto/ns-v2#">
  <Description>
    <MeasurementUnit>pixel</MeasurementUnit>
    <sourceImageInformation>
      <fileName>00000115.tif</fileName>
    </sourceImageInformation>
    <OCRProcessing ID="Processing">
      <ocrProcessingStep>
        <processingStepSettings>Image Resolution:300</processingStepSettings>
        <processingSoftware>
          <softwareCreator>I2S</softwareCreator>
          <softwareName>Limb</softwareName>
          <softwareVersion>1.0</softwareVersion>
          <applicationDescription>Abbyy10 OCR Engine</applicationDescription>
        </processingSoftware>
      </ocrProcessingStep>
    </OCRProcessing>
  </Description>
  <Styles>
    <TextStyle ID="StyleId-0" FONTSIZE="9" FONTFAMILY="Times New Roman" />
    <TextStyle ID="StyleId-1" FONTSIZE="8" FONTFAMILY="Times New Roman" />
  </Styles>
  <Layout>
    <Page ID="P114" PHYSICAL_IMG_NR="114" HEIGHT="2400" WIDTH="1725" ACCURACY="0.7854065" QUALITY_DETAIL="288 words, 1256 chars, 987 with recognition greater than 50% (78.58%)">
      <TopMargin ID="P114_TM00001" HPOS="0" VPOS="0" WIDTH="1725" HEIGHT="315" />
      <LeftMargin ID="P114_LM00001" HPOS="0" VPOS="315" WIDTH="291" HEIGHT="1707" />
      <RightMargin ID="P114_RM00001" HPOS="1316" VPOS="315" WIDTH="408" HEIGHT="1707" />
      <BottomMargin ID="P114_BM00001" HPOS="0" VPOS="2022" WIDTH="1725" HEIGHT="378" />
      <PrintSpace ID="P114_PS00001" HPOS="291" VPOS="315" WIDTH="1025" HEIGHT="1707">
        <TextBlock ID="P114_TB00001" HPOS="624" VPOS="313" WIDTH="354" HEIGHT="45">
          <TextLine ID="P114_TL00001" HPOS="631" VPOS="319" WIDTH="342" HEIGHT="33">
            <String ID="P114_S00001" HPOS="631" VPOS="319" WIDTH="122" HEIGHT="35" STYLEREFS="StyleId-0" CONTENT="JULIA" WC="0.708" CC="60150" />
            <SP ID="P114_SP00001" WIDTH="0" HPOS="0" VPOS="0" />
            <String ID="P114_S00002" HPOS="776" VPOS="318" WIDTH="197" HEIGHT="36" STYLEREFS="StyleId-0" CONTENT="JACKSON." WC="0.54375" CC="69720406" />
          </TextLine>
        </TextBlock>
        <TextBlock ID="P114_TB00002" HPOS="1261" VPOS="315" WIDTH="47" HEIGHT="39">
          <TextLine ID="P114_TL00002" HPOS="1267" VPOS="321" WIDTH="34" HEIGHT="27">
            <String ID="P114_S00003" HPOS="1267" VPOS="321" WIDTH="34" HEIGHT="29" STYLEREFS="StyleId-1" CONTENT="99" WC="0.265" CC="67" />
          </TextLine>
        </TextBlock>
        <TextBlock ID="P114_TB00003" HPOS="291" VPOS="394" WIDTH="1017" HEIGHT="1627">
          <TextLine ID="P114_TL00003" HPOS="302" VPOS="400" WIDTH="991" HEIGHT="38">
            <String ID="P114_S00004" HPOS="302" VPOS="401" WIDTH="164" HEIGHT="40" STYLEREFS="StyleId-0" CONTENT="complete" WC="0.7575" CC="00044370" />
            <SP ID="P114_SP00002" WIDTH="0" HPOS="0" VPOS="0" />
            <String ID="P114_S00005" HPOS="487" VPOS="400" WIDTH="57" HEIGHT="41" STYLEREFS="StyleId-0" CONTENT="the" WC="0.75666666" CC="070" />
            <SP ID="P114_SP00003" WIDTH="0" HPOS="0" VPOS="0" />
            <String ID="P114_S00006" HPOS="567" VPOS="403" WIDTH="159" HEIGHT="38" STYLEREFS="StyleId-0" CONTENT="payment" WC="0.7728571" CC="4650000" />
            <SP ID="P114_SP00004" WIDTH="0" HPOS="0" VPOS="0" />
            <String ID="P114_S00007" HPOS="751" VPOS="400" WIDTH="34" HEIGHT="41" STYLEREFS="StyleId-0" CONTENT="of" WC="0.855" CC="20" />
            <SP ID="P114_SP00005" WIDTH="0" HPOS="0" VPOS="0" />
            <String ID="P114_S00008" HPOS="816" VPOS="398" WIDTH="131" HEIGHT="43" STYLEREFS="StyleId-0" CONTENT="$1,000," WC="0.687142849" CC="6142060" />
            <SP ID="P114_SP00006" WIDTH="0" HPOS="0" VPOS="0" />
            <String ID="P114_S00009" HPOS="965" VPOS="398" WIDTH="49" HEIGHT="43" STYLEREFS="StyleId-0" CONTENT="for" WC="0.6166667" CC="217" />
            <SP ID="P114_SP00007" WIDTH="0" HPOS="0" VPOS="0" />
            <String ID="P114_S00010" HPOS="1029" VPOS="397" WIDTH="108" HEIGHT="44" STYLEREFS="StyleId-0" CONTENT="which" WC="0.586" CC="56405" />
            <SP ID="P114_SP00008" WIDTH="0" HPOS="0" VPOS="0" />
            <String ID="P114_S00011" HPOS="1167" VPOS="397" WIDTH="41" HEIGHT="44" STYLEREFS="StyleId-0" CONTENT="he" WC="1" CC="00" />
            <SP ID="P114_SP00009" WIDTH="0" HPOS="0" VPOS="0" />
            <String ID="P114_S00012" HPOS="1224" VPOS="408" WIDTH="69" HEIGHT="33" STYLEREFS="StyleId-0" CONTENT="was" WC="0.946666658" CC="100" />
          </TextLine>
          <TextLine ID="P114_TL00004" HPOS="302" VPOS="453" WIDTH="409" HEIGHT="38">
            <String ID="P114_S00013" HPOS="302" VPOS="453" WIDTH="167" HEIGHT="39" STYLEREFS="StyleId-0" CONTENT="promised" WC="0.82375" CC="07004002" />
            <SP ID="P114_SP00010" WIDTH="0" HPOS="0" VPOS="0" />
            <String ID="P114_S00014" HPOS="487" VPOS="453" WIDTH="52" HEIGHT="39" STYLEREFS="StyleId-0" CONTENT="his" WC="0.7633333" CC="042" />
            <SP ID="P114_SP00011" WIDTH="0" HPOS="0" VPOS="0" />
            <String ID="P114_S00015" HPOS="555" VPOS="453" WIDTH="156" HEIGHT="39" STYLEREFS="StyleId-0" CONTENT="freedom." WC="0.88" CC="05003000" />
          </TextLine>
          <TextLine ID="P114_TL00005" HPOS="344" VPOS="504" WIDTH="949" HEIGHT="38">
            <String ID="P114_S00016" HPOS="344" VPOS="504" WIDTH="92" HEIGHT="42" STYLEREFS="StyleId-0" CONTENT="Julia" WC="0.814" CC="00034" />
            <SP ID="P114_SP00012" WIDTH="0" HPOS="0" VPOS="0" />
            <String ID="P114_S00017" HPOS="467" VPOS="504" WIDTH="168" HEIGHT="43" STYLEREFS="StyleId-0" CONTENT="remained" WC="0.8575" CC="60003000" />
            <SP ID="P114_SP00013" WIDTH="0" HPOS="0" VPOS="0" />
            <String ID="P114_S00018" HPOS="666" VPOS="504" WIDTH="81" HEIGHT="43" STYLEREFS="StyleId-0" CONTENT="with" WC="0.86" CC="0140" />
            <SP ID="P114_SP00014" WIDTH="0" HPOS="0" VPOS="0" />
            <String ID="P114_S00019" HPOS="780" VPOS="503" WIDTH="57" HEIGHT="44" STYLEREFS="StyleId-0" CONTENT="her" WC="0.403333336" CC="755" />
            <SP ID="P114_SP00015" WIDTH="0" HPOS="0" VPOS="0" />
            <String ID="P114_S00020" HPOS="870" VPOS="504" WIDTH="130" HEIGHT="43" STYLEREFS="StyleId-0" CONTENT="mother" WC="0.905" CC="000005" />
            <SP ID="P114_SP00016" WIDTH="0" HPOS="0" VPOS="0" />
            <String ID="P114_S00021" HPOS="1038" VPOS="503" WIDTH="50" HEIGHT="44" STYLEREFS="StyleId-0" CONTENT="till" WC="0.73" CC="0414" />
            <SP ID="P114_SP00017" WIDTH="0" HPOS="0" VPOS="0" />
            <String ID="P114_S00022" HPOS="1128" VPOS="501" WIDTH="58" HEIGHT="45" STYLEREFS="StyleId-0" CONTENT="she" WC="1" CC="000" />
            <SP ID="P114_SP00018" WIDTH="0" HPOS="0" VPOS="0" />
            <String ID="P114_S00023" HPOS="1224" VPOS="513" WIDTH="69" HEIGHT="34" STYLEREFS="StyleId-0" CONTENT="was" WC="0.92" CC="002" />
          </TextLine>
          <TextLine ID="P114_TL00006" HPOS="303" VPOS="556" WIDTH="989" HEIGHT="36">
            <String ID="P114_S00024" HPOS="303" VPOS="567" WIDTH="99" HEIGHT="21" STYLEREFS="StyleId-0" CONTENT="seven" WC="0.78" CC="60500" />
            <SP ID="P114_SP00019" WIDTH="0" HPOS="0" VPOS="0" />
            <String ID="P114_S00025" HPOS="434" VPOS="567" WIDTH="96" HEIGHT="30" STYLEREFS="StyleId-0" CONTENT="years" WC="0.918" CC="40000" />
            <SP ID="P114_SP00020" WIDTH="0" HPOS="0" VPOS="0" />
            <String ID="P114_S00026" HPOS="563" VPOS="556" WIDTH="65" HEIGHT="40" STYLEREFS="StyleId-0" CONTENT="old," WC="0.8475" CC="4100" />
            <SP ID="P114_SP00021" WIDTH="0" HPOS="0" VPOS="0" />
            <String ID="P114_S00027" HPOS="657" VPOS="555" WIDTH="64" HEIGHT="41" STYLEREFS="StyleId-0" CONTENT="and" WC="1" CC="000" />
            <SP ID="P114_SP00022" WIDTH="0" HPOS="0" VPOS="0" />
            <String ID="P114_S00028" HPOS="744" VPOS="555" WIDTH="80" HEIGHT="42" STYLEREFS="StyleId-0" CONTENT="then" WC="1" CC="0000" />
            <SP ID="P114_SP00023" WIDTH="0" HPOS="0" VPOS="0" />
            <String ID="P114_S00029" HPOS="858" VPOS="559" WIDTH="87" HEIGHT="37" STYLEREFS="StyleId-0" CONTENT="went" WC="1" CC="0000" />
            <SP ID="P114_SP00024" WIDTH="0" HPOS="0" VPOS="0" />
            <String ID="P114_S00030" HPOS="976" VPOS="559" WIDTH="33" HEIGHT="37" STYLEREFS="StyleId-0" CONTENT="to" WC="0.955" CC="00" />
            <SP ID="P114_SP00025" WIDTH="0" HPOS="0" VPOS="0" />
            <String ID="P114_S00031" HPOS="1043" VPOS="555" WIDTH="63" HEIGHT="42" STYLEREFS="StyleId-0" CONTENT="live" WC="0.9675" CC="0100" />
            <SP ID="P114_SP00026" WIDTH="0" HPOS="0" VPOS="0" />
            <String ID="P114_S00032" HPOS="1137" VPOS="553" WIDTH="81" HEIGHT="43" STYLEREFS="StyleId-0" CONTENT="with" WC="0.9825" CC="0000" />
            <SP ID="P114_SP00027" WIDTH="0" HPOS="0" VPOS="0" />
            <String ID="P114_S00033" HPOS="1251" VPOS="564" WIDTH="41" HEIGHT="32" STYLEREFS="StyleId-0" CONTENT="an" WC="0.96" CC="00" />
          </TextLine>
          <TextLine ID="P114_TL00007" HPOS="303" VPOS="607" WIDTH="992" HEIGHT="28">
            <String ID="P114_S00034" HPOS="303" VPOS="612" WIDTH="81" HEIGHT="26" STYLEREFS="StyleId-0" CONTENT="aunt" WC="0.895" CC="0400" />
            <SP ID="P114_SP00028" WIDTH="0" HPOS="0" VPOS="0" />
            <String ID="P114_S00035" HPOS="409" VPOS="607" WIDTH="75" HEIGHT="30" STYLEREFS="StyleId-0" CONTENT="who" WC="1" CC="000" />
            <SP ID="P114_SP00029" WIDTH="0" HPOS="0" VPOS="0" />
            <String ID="P114_S00036" HPOS="507" VPOS="607" WIDTH="92" HEIGHT="30" STYLEREFS="StyleId-0" CONTENT="hired" WC="0.882" CC="00500" />
            <SP ID="P114_SP00030" WIDTH="0" HPOS="0" VPOS="0" />
            <String ID="P114_S00037" HPOS="623" VPOS="606" WIDTH="59" HEIGHT="32" STYLEREFS="StyleId-0" CONTENT="her" WC="0.8066667" CC="005" />
            <SP ID="P114_SP00031" WIDTH="0" HPOS="0" VPOS="0" />
            <String ID="P114_S00038" HPOS="706" VPOS="617" WIDTH="73" HEIGHT="21" STYLEREFS="StyleId-0" CONTENT="own" WC="0.71" CC="340" />
            <SP ID="P114_SP00032" WIDTH="0" HPOS="0" VPOS="0" />
            <String ID="P114_S00039" HPOS="801" VPOS="606" WIDTH="82" HEIGHT="32" STYLEREFS="StyleId-0" CONTENT="time" WC="0.8975" CC="0400" />
            <SP ID="P114_SP00033" WIDTH="0" HPOS="0" VPOS="0" />
            <String ID="P114_S00040" HPOS="909" VPOS="606" WIDTH="34" HEIGHT="32" STYLEREFS="StyleId-0" CONTENT="of" WC="0.79" CC="12" />
            <SP ID="P114_SP00034" WIDTH="0" HPOS="0" VPOS="0" />
            <String ID="P114_S00041" HPOS="960" VPOS="606" WIDTH="58" HEIGHT="32" STYLEREFS="StyleId-0" CONTENT="her" WC="0.8066667" CC="005" />
            <SP ID="P114_SP00035" WIDTH="0" HPOS="0" VPOS="0" />
            <String ID="P114_S00042" HPOS="1041" VPOS="609" WIDTH="134" HEIGHT="29" STYLEREFS="StyleId-0" CONTENT="master." WC="0.8742857" CC="0000053" />
            <SP ID="P114_SP00036" WIDTH="0" HPOS="0" VPOS="0" />
            <String ID="P114_S00043" HPOS="1224" VPOS="606" WIDTH="71" HEIGHT="32" STYLEREFS="StyleId-0" CONTENT="Her" WC="0.783333361" CC="006" />
          </TextLine>
          <TextLine ID="P114_TL00008" HPOS="303" VPOS="659" WIDTH="990" HEIGHT="36">
            <String ID="P114_S00044" HPOS="303" VPOS="660" WIDTH="97" HEIGHT="30" STYLEREFS="StyleId-0" CONTENT="uncle" WC="0.788" CC="60030" />
            <SP ID="P114_SP00037" WIDTH="0" HPOS="0" VPOS="0" />
            <String ID="P114_S00045" HPOS="425" VPOS="669" WIDTH="60" HEIGHT="21" STYLEREFS="StyleId-0" CONTENT="one" WC="0.9266667" CC="110" />
            <SP ID="P114_SP00038" WIDTH="0" HPOS="0" VPOS="0" />
            <String ID="P114_S00046" HPOS="509" VPOS="659" WIDTH="63" HEIGHT="39" STYLEREFS="StyleId-0" CONTENT="day" WC="1" CC="000" />
            <SP ID="P114_SP00039" WIDTH="0" HPOS="0" VPOS="0" />
            <String ID="P114_S00047" HPOS="597" VPOS="657" WIDTH="223" HEIGHT="41" STYLEREFS="StyleId-0" CONTENT="incautiously" WC="0.8125" CC="000051301046" />
            <SP ID="P114_SP00040" WIDTH="0" HPOS="0" VPOS="0" />
            <String ID="P114_S00048" HPOS="844" VPOS="657" WIDTH="134" HEIGHT="41" STYLEREFS="StyleId-0" CONTENT="avowed" WC="0.8383333" CC="801000" />
            <SP ID="P114_SP00041" WIDTH="0" HPOS="0" VPOS="0" />
            <String ID="P114_S00049" HPOS="999" VPOS="657" WIDTH="51" HEIGHT="42" STYLEREFS="StyleId-0" CONTENT="his" WC="0.876666665" CC="030" />
            <SP ID="P114_SP00042" WIDTH="0" HPOS="0" VPOS="0" />
            <String ID="P114_S00050" HPOS="1074" VPOS="656" WIDTH="163" HEIGHT="42" STYLEREFS="StyleId-0" CONTENT="intention" WC="0.835555553" CC="300000505" />
            <SP ID="P114_SP00043" WIDTH="0" HPOS="0" VPOS="0" />
            <String ID="P114_S00051" HPOS="1259" VPOS="660" WIDTH="34" HEIGHT="38" STYLEREFS="StyleId-0" CONTENT="to" WC="1" CC="00" />
          </TextLine>
          <TextLine ID="P114_TL00009" HPOS="303" VPOS="708" WIDTH="988" HEIGHT="36">
            <String ID="P114_S00052" HPOS="303" VPOS="720" WIDTH="60" HEIGHT="20" STYLEREFS="StyleId-0" CONTENT="run" WC="0.813333333" CC="050" />
            <SP ID="P114_SP00044" WIDTH="0" HPOS="0" VPOS="0" />
            <String ID="P114_S00053" HPOS="388" VPOS="719" WIDTH="104" HEIGHT="30" STYLEREFS="StyleId-0" CONTENT="away," WC="0.968" CC="10000" />
            <SP ID="P114_SP00045" WIDTH="0" HPOS="0" VPOS="0" />
            <String ID="P114_S00054" HPOS="522" VPOS="708" WIDTH="65" HEIGHT="41" STYLEREFS="StyleId-0" CONTENT="and" WC="0.7366667" CC="700" />
            <SP ID="P114_SP00046" WIDTH="0" HPOS="0" VPOS="0" />
            <String ID="P114_S00055" HPOS="618" VPOS="707" WIDTH="41" HEIGHT="42" STYLEREFS="StyleId-0" CONTENT="he" WC="1" CC="00" />
            <SP ID="P114_SP00047" WIDTH="0" HPOS="0" VPOS="0" />
            <String ID="P114_S00056" HPOS="685" VPOS="718" WIDTH="69" HEIGHT="30" STYLEREFS="StyleId-0" CONTENT="was" WC="0.853333354" CC="004" />
            <SP ID="P114_SP00048" WIDTH="0" HPOS="0" VPOS="0" />
            <String ID="P114_S00057" HPOS="777" VPOS="707" WIDTH="132" HEIGHT="42" STYLEREFS="StyleId-0" CONTENT="hurried" WC="0.801428556" CC="0007600" />
            <SP ID="P114_SP00049" WIDTH="0" HPOS="0" VPOS="0" />
            <String ID="P114_S00058" HPOS="941" VPOS="711" WIDTH="34" HEIGHT="38" STYLEREFS="StyleId-0" CONTENT="to" WC="0.72" CC="50" />
            <SP ID="P114_SP00050" WIDTH="0" HPOS="0" VPOS="0" />
            <String ID="P114_S00059" HPOS="1003" VPOS="706" WIDTH="57" HEIGHT="42" STYLEREFS="StyleId-0" CONTENT="the" WC="0.7966667" CC="600" />
            <SP ID="P114_SP00051" WIDTH="0" HPOS="0" VPOS="0" />
            <String ID="P114_S00060" HPOS="1089" VPOS="707" WIDTH="202" HEIGHT="42" STYLEREFS="StyleId-0" CONTENT="slave-mart," WC="0.8990909" CC="04000000501" />
          </TextLine>
          <TextLine ID="P114_TL00010" HPOS="302" VPOS="760" WIDTH="992" HEIGHT="36">
            <String ID="P114_S00061" HPOS="302" VPOS="761" WIDTH="109" HEIGHT="30" STYLEREFS="StyleId-0" CONTENT="where" WC="0.696" CC="90050" />
            <SP ID="P114_SP00052" WIDTH="0" HPOS="0" VPOS="0" />
            <String ID="P114_S00062" HPOS="438" VPOS="759" WIDTH="93" HEIGHT="40" STYLEREFS="StyleId-0" CONTENT="Julia" WC="0.898" CC="00040" />
            <SP ID="P114_SP00053" WIDTH="0" HPOS="0" VPOS="0" />
            <String ID="P114_S00063" HPOS="557" VPOS="769" WIDTH="66" HEIGHT="30" STYLEREFS="StyleId-0" CONTENT="saw" WC="0.75666666" CC="007" />
            <SP ID="P114_SP00054" WIDTH="0" HPOS="0" VPOS="0" />
            <String ID="P114_S00064" HPOS="648" VPOS="759" WIDTH="69" HEIGHT="41" STYLEREFS="StyleId-0" CONTENT="him" WC="1" CC="000" />
            <SP ID="P114_SP00055" WIDTH="0" HPOS="0" VPOS="0" />
            <String ID="P114_S00065" HPOS="747" VPOS="758" WIDTH="72" HEIGHT="42" STYLEREFS="StyleId-0" CONTENT="sold" WC="0.8275" CC="0150" />
            <SP ID="P114_SP00056" WIDTH="0" HPOS="0" VPOS="0" />
            <String ID="P114_S00066" HPOS="843" VPOS="758" WIDTH="84" HEIGHT="42" STYLEREFS="StyleId-0" CONTENT="from" WC="0.68" CC="4530" />
            <SP ID="P114_SP00057" WIDTH="0" HPOS="0" VPOS="0" />
            <String ID="P114_S00067" HPOS="955" VPOS="757" WIDTH="57" HEIGHT="42" STYLEREFS="StyleId-0" CONTENT="the" WC="1" CC="000" />
            <SP ID="P114_SP00058" WIDTH="0" HPOS="0" VPOS="0" />
            <String ID="P114_S00068" HPOS="1044" VPOS="756" WIDTH="249" HEIGHT="43" STYLEREFS="StyleId-0" CONTENT="auction-block" WC="0.92" CC="0000010303000" />
          </TextLine>
          <TextLine ID="P114_TL00011" HPOS="303" VPOS="810" WIDTH="960" HEIGHT="38">
            <String ID="P114_S00069" HPOS="303" VPOS="817" WIDTH="33" HEIGHT="25" STYLEREFS="StyleId-0" CONTENT="to" WC="0.78" CC="04" />
            <SP ID="P114_SP00059" WIDTH="0" HPOS="0" VPOS="0" />
            <String ID="P114_S00070" HPOS="352" VPOS="813" WIDTH="39" HEIGHT="30" STYLEREFS="StyleId-0" CONTENT="be" WC="0.83" CC="30" />
            <SP ID="P114_SP00060" WIDTH="0" HPOS="0" VPOS="0" />
            <String ID="P114_S00071" HPOS="409" VPOS="815" WIDTH="73" HEIGHT="27" STYLEREFS="StyleId-0" CONTENT="sent" WC="0.95" CC="2000" />
            <SP ID="P114_SP00061" WIDTH="0" HPOS="0" VPOS="0" />
            <String ID="P114_S00072" HPOS="501" VPOS="810" WIDTH="119" HEIGHT="32" STYLEREFS="StyleId-0" CONTENT="South." WC="0.938333333" CC="000003" />
            <SP ID="P114_SP00062" WIDTH="0" HPOS="0" VPOS="0" />
            <String ID="P114_S00073" HPOS="668" VPOS="809" WIDTH="96" HEIGHT="41" STYLEREFS="StyleId-0" CONTENT="They" WC="0.725" CC="7300" />
            <SP ID="P114_SP00063" WIDTH="0" HPOS="0" VPOS="0" />
            <String ID="P114_S00074" HPOS="781" VPOS="819" WIDTH="99" HEIGHT="30" STYLEREFS="StyleId-0" CONTENT="never" WC="0.828" CC="20006" />
            <SP ID="P114_SP00064" WIDTH="0" HPOS="0" VPOS="0" />
            <String ID="P114_S00075" HPOS="897" VPOS="808" WIDTH="102" HEIGHT="42" STYLEREFS="StyleId-0" CONTENT="heard" WC="0.818" CC="40040" />
            <SP ID="P114_SP00065" WIDTH="0" HPOS="0" VPOS="0" />
            <String ID="P114_S00076" HPOS="1017" VPOS="809" WIDTH="34" HEIGHT="41" STYLEREFS="StyleId-0" CONTENT="of" WC="1" CC="00" />
            <SP ID="P114_SP00066" WIDTH="0" HPOS="0" VPOS="0" />
            <String ID="P114_S00077" HPOS="1065" VPOS="809" WIDTH="69" HEIGHT="41" STYLEREFS="StyleId-0" CONTENT="him" WC="0.686666667" CC="151" />
            <SP ID="P114_SP00067" WIDTH="0" HPOS="0" VPOS="0" />
            <String ID="P114_S00078" HPOS="1152" VPOS="808" WIDTH="111" HEIGHT="42" STYLEREFS="StyleId-0" CONTENT="again." WC="0.7083333" CC="070604" />
          </TextLine>
          <TextLine ID="P114_TL00012" HPOS="347" VPOS="862" WIDTH="947" HEIGHT="36">
            <String ID="P114_S00079" HPOS="347" VPOS="864" WIDTH="71" HEIGHT="30" STYLEREFS="StyleId-0" CONTENT="Her" WC="0.7733333" CC="006" />
            <SP ID="P114_SP00068" WIDTH="0" HPOS="0" VPOS="0" />
            <String ID="P114_S00080" HPOS="435" VPOS="866" WIDTH="81" HEIGHT="28" STYLEREFS="StyleId-0" CONTENT="aunt" WC="0.835" CC="0402" />
            <SP ID="P114_SP00069" WIDTH="0" HPOS="0" VPOS="0" />
            <String ID="P114_S00081" HPOS="533" VPOS="873" WIDTH="69" HEIGHT="21" STYLEREFS="StyleId-0" CONTENT="was" WC="1" CC="000" />
            <SP ID="P114_SP00070" WIDTH="0" HPOS="0" VPOS="0" />
            <String ID="P114_S00082" HPOS="619" VPOS="861" WIDTH="144" HEIGHT="40" STYLEREFS="StyleId-0" CONTENT="charged" WC="0.702857137" CC="05051000" />
            <SP ID="P114_SP00071" WIDTH="0" HPOS="0" VPOS="0" />
            <String ID="P114_S00083" HPOS="780" VPOS="861" WIDTH="42" HEIGHT="40" STYLEREFS="StyleId-0" CONTENT="by" WC="1" CC="00" />
            <SP ID="P114_SP00072" WIDTH="0" HPOS="0" VPOS="0" />
            <String ID="P114_S00084" HPOS="839" VPOS="861" WIDTH="59" HEIGHT="40" STYLEREFS="StyleId-0" CONTENT="her" WC="0.6533333" CC="604" />
            <SP ID="P114_SP00073" WIDTH="0" HPOS="0" VPOS="0" />
            <String ID="P114_S00085" HPOS="909" VPOS="870" WIDTH="110" HEIGHT="30" STYLEREFS="StyleId-0" CONTENT="owner" WC="0.874" CC="00006" />
            <SP ID="P114_SP00074" WIDTH="0" HPOS="0" VPOS="0" />
            <String ID="P114_S00086" HPOS="1029" VPOS="860" WIDTH="80" HEIGHT="41" STYLEREFS="StyleId-0" CONTENT="with" WC="0.875" CC="0005" />
            <SP ID="P114_SP00075" WIDTH="0" HPOS="0" VPOS="0" />
            <String ID="P114_S00087" HPOS="1121" VPOS="859" WIDTH="173" HEIGHT="42" STYLEREFS="StyleId-0" CONTENT="intending" WC="0.816666663" CC="200000608" />
          </TextLine>
          <TextLine ID="P114_TL00013" HPOS="303" VPOS="914" WIDTH="988" HEIGHT="36">
            <String ID="P114_S00088" HPOS="303" VPOS="920" WIDTH="33" HEIGHT="26" STYLEREFS="StyleId-0" CONTENT="to" WC="0.825" CC="03" />
            <SP ID="P114_SP00076" WIDTH="0" HPOS="0" VPOS="0" />
            <String ID="P114_S00089" HPOS="358" VPOS="926" WIDTH="60" HEIGHT="21" STYLEREFS="StyleId-0" CONTENT="run" WC="0.88" CC="200" />
            <SP ID="P114_SP00077" WIDTH="0" HPOS="0" VPOS="0" />
            <String ID="P114_S00090" HPOS="443" VPOS="924" WIDTH="94" HEIGHT="30" STYLEREFS="StyleId-0" CONTENT="away" WC="1" CC="0000" />
            <SP ID="P114_SP00078" WIDTH="0" HPOS="0" VPOS="0" />
            <String ID="P114_S00091" HPOS="559" VPOS="914" WIDTH="80" HEIGHT="40" STYLEREFS="StyleId-0" CONTENT="also." WC="0.9" CC="01003" />
            <SP ID="P114_SP00079" WIDTH="0" HPOS="0" VPOS="0" />
            <String ID="P114_S00092" HPOS="689" VPOS="912" WIDTH="66" HEIGHT="42" STYLEREFS="StyleId-0" CONTENT="She" WC="0.586666644" CC="560" />
            <SP ID="P114_SP00080" WIDTH="0" HPOS="0" VPOS="0" />
            <String ID="P114_S00093" HPOS="775" VPOS="912" WIDTH="66" HEIGHT="42" STYLEREFS="StyleId-0" CONTENT="had" WC="0.79" CC="600" />
            <SP ID="P114_SP00081" WIDTH="0" HPOS="0" VPOS="0" />
            <String ID="P114_S00094" HPOS="869" VPOS="912" WIDTH="66" HEIGHT="42" STYLEREFS="StyleId-0" CONTENT="had" WC="0.813333333" CC="500" />
            <SP ID="P114_SP00082" WIDTH="0" HPOS="0" VPOS="0" />
            <String ID="P114_S00095" HPOS="960" VPOS="921" WIDTH="42" HEIGHT="33" STYLEREFS="StyleId-0" CONTENT="no" WC="0.95" CC="01" />
            <SP ID="P114_SP00083" WIDTH="0" HPOS="0" VPOS="0" />
            <String ID="P114_S00096" HPOS="1029" VPOS="911" WIDTH="81" HEIGHT="43" STYLEREFS="StyleId-0" CONTENT="such" WC="0.76" CC="0503" />
            <SP ID="P114_SP00084" WIDTH="0" HPOS="0" VPOS="0" />
            <String ID="P114_S00097" HPOS="1128" VPOS="921" WIDTH="140" HEIGHT="33" STYLEREFS="StyleId-0" CONTENT="purpose" WC="0.93" CC="0040000" />
            <SP ID="P114_SP00085" WIDTH="0" HPOS="0" VPOS="0" />
            <String ID="P114_S00098" HPOS="1283" VPOS="921" WIDTH="9" HEIGHT="33" STYLEREFS="StyleId-0" CONTENT=";" WC="0.29" CC="7" />
          </TextLine>
          <TextLine ID="P114_TL00014" HPOS="304" VPOS="965" WIDTH="990" HEIGHT="36">
            <String ID="P114_S00099" HPOS="304" VPOS="967" WIDTH="59" HEIGHT="30" STYLEREFS="StyleId-0" CONTENT="but" WC="0.55" CC="580" />
            <SP ID="P114_SP00086" WIDTH="0" HPOS="0" VPOS="0" />
            <String ID="P114_S00100" HPOS="385" VPOS="966" WIDTH="41" HEIGHT="30" STYLEREFS="StyleId-0" CONTENT="he" WC="0.8" CC="40" />
            <SP ID="P114_SP00087" WIDTH="0" HPOS="0" VPOS="0" />
            <String ID="P114_S00101" HPOS="450" VPOS="976" WIDTH="83" HEIGHT="29" STYLEREFS="StyleId-0" CONTENT="gave" WC="1" CC="0000" />
            <SP ID="P114_SP00088" WIDTH="0" HPOS="0" VPOS="0" />
            <String ID="P114_S00102" HPOS="561" VPOS="966" WIDTH="58" HEIGHT="39" STYLEREFS="StyleId-0" CONTENT="her" WC="0.6333333" CC="505" />
            <SP ID="P114_SP00089" WIDTH="0" HPOS="0" VPOS="0" />
            <String ID="P114_S00103" HPOS="642" VPOS="975" WIDTH="18" HEIGHT="30" STYLEREFS="StyleId-0" CONTENT="a" WC="1" CC="0" />
            <SP ID="P114_SP00090" WIDTH="0" HPOS="0" VPOS="0" />
            <String ID="P114_S00104" HPOS="681" VPOS="964" WIDTH="91" HEIGHT="41" STYLEREFS="StyleId-0" CONTENT="week" WC="1" CC="0000" />
            <SP ID="P114_SP00091" WIDTH="0" HPOS="0" VPOS="0" />
            <String ID="P114_S00105" HPOS="796" VPOS="963" WIDTH="33" HEIGHT="42" STYLEREFS="StyleId-0" CONTENT="in" WC="0.615" CC="33" />
            <SP ID="P114_SP00092" WIDTH="0" HPOS="0" VPOS="0" />
            <String ID="P114_S00106" HPOS="856" VPOS="963" WIDTH="109" HEIGHT="42" STYLEREFS="StyleId-0" CONTENT="which" WC="0.826" CC="02203" />
            <SP ID="P114_SP00093" WIDTH="0" HPOS="0" VPOS="0" />
            <String ID="P114_S00107" HPOS="988" VPOS="966" WIDTH="35" HEIGHT="39" STYLEREFS="StyleId-0" CONTENT="to" WC="0.99" CC="00" />
            <SP ID="P114_SP00094" WIDTH="0" HPOS="0" VPOS="0" />
            <String ID="P114_S00108" HPOS="1047" VPOS="962" WIDTH="96" HEIGHT="43" STYLEREFS="StyleId-0" CONTENT="settle" WC="0.9266667" CC="200020" />
            <SP ID="P114_SP00095" WIDTH="0" HPOS="0" VPOS="0" />
            <String ID="P114_S00109" HPOS="1170" VPOS="972" WIDTH="43" HEIGHT="33" STYLEREFS="StyleId-0" CONTENT="up" WC="0.815" CC="30" />
            <SP ID="P114_SP00096" WIDTH="0" HPOS="0" VPOS="0" />
            <String ID="P114_S00110" HPOS="1236" VPOS="962" WIDTH="59" HEIGHT="43" STYLEREFS="StyleId-0" CONTENT="her" WC="0.6" CC="506" />
          </TextLine>
          <TextLine ID="P114_TL00015" HPOS="306" VPOS="1016" WIDTH="988" HEIGHT="33">
            <String ID="P114_S00111" HPOS="306" VPOS="1020" WIDTH="159" HEIGHT="28" STYLEREFS="StyleId-0" CONTENT="accounts" WC="0.8475" CC="00016310" />
            <SP ID="P114_SP00097" WIDTH="0" HPOS="0" VPOS="0" />
            <String ID="P114_S00112" HPOS="495" VPOS="1016" WIDTH="81" HEIGHT="33" STYLEREFS="StyleId-0" CONTENT="with" WC="0.765" CC="0503" />
            <SP ID="P114_SP00098" WIDTH="0" HPOS="0" VPOS="0" />
            <String ID="P114_S00113" HPOS="607" VPOS="1015" WIDTH="59" HEIGHT="33" STYLEREFS="StyleId-0" CONTENT="her" WC="0.56" CC="606" />
            <SP ID="P114_SP00099" WIDTH="0" HPOS="0" VPOS="0" />
            <String ID="P114_S00114" HPOS="697" VPOS="1019" WIDTH="195" HEIGHT="32" STYLEREFS="StyleId-0" CONTENT="customers," WC="0.871" CC="0000000633" />
            <SP ID="P114_SP00100" WIDTH="0" HPOS="0" VPOS="0" />
            <String ID="P114_S00115" HPOS="925" VPOS="1014" WIDTH="50" HEIGHT="37" STYLEREFS="StyleId-0" CONTENT="for" WC="0.74" CC="025" />
            <SP ID="P114_SP00101" WIDTH="0" HPOS="0" VPOS="0" />
            <String ID="P114_S00116" HPOS="1005" VPOS="1013" WIDTH="111" HEIGHT="38" STYLEREFS="StyleId-0" CONTENT="whom" WC="0.7775" CC="0440" />
            <SP ID="P114_SP00102" WIDTH="0" HPOS="0" VPOS="0" />
            <String ID="P114_S00117" HPOS="1149" VPOS="1013" WIDTH="58" HEIGHT="38" STYLEREFS="StyleId-0" CONTENT="she" WC="0.8433333" CC="040" />
            <SP ID="P114_SP00103" WIDTH="0" HPOS="0" VPOS="0" />
            <String ID="P114_S00118" HPOS="1239" VPOS="1012" WIDTH="55" HEIGHT="39" STYLEREFS="StyleId-0" CONTENT="did" WC="0.853333354" CC="040" />
          </TextLine>
          <TextLine ID="P114_TL00016" HPOS="304" VPOS="1067" WIDTH="988" HEIGHT="37">
            <String ID="P114_S00119" HPOS="304" VPOS="1069" WIDTH="162" HEIGHT="39" STYLEREFS="StyleId-0" CONTENT="washing," WC="0.725" CC="100063002" />
            <SP ID="P114_SP00104" WIDTH="0" HPOS="0" VPOS="0" />
            <String ID="P114_S00120" HPOS="496" VPOS="1067" WIDTH="174" HEIGHT="41" STYLEREFS="StyleId-0" CONTENT="intending" WC="0.9711111" CC="200000000" />
            <SP ID="P114_SP00105" WIDTH="0" HPOS="0" VPOS="0" />
            <String ID="P114_S00121" HPOS="696" VPOS="1066" WIDTH="80" HEIGHT="42" STYLEREFS="StyleId-0" CONTENT="then" WC="0.845" CC="0600" />
            <SP ID="P114_SP00106" WIDTH="0" HPOS="0" VPOS="0" />
            <String ID="P114_S00122" HPOS="802" VPOS="1069" WIDTH="34" HEIGHT="39" STYLEREFS="StyleId-0" CONTENT="to" WC="0.96" CC="00" />
            <SP ID="P114_SP00107" WIDTH="0" HPOS="0" VPOS="0" />
            <String ID="P114_S00123" HPOS="862" VPOS="1065" WIDTH="76" HEIGHT="42" STYLEREFS="StyleId-0" CONTENT="take" WC="1" CC="0000" />
            <SP ID="P114_SP00108" WIDTH="0" HPOS="0" VPOS="0" />
            <String ID="P114_S00124" HPOS="965" VPOS="1065" WIDTH="59" HEIGHT="43" STYLEREFS="StyleId-0" CONTENT="her" WC="0.686666667" CC="504" />
            <SP ID="P114_SP00109" WIDTH="0" HPOS="0" VPOS="0" />
            <String ID="P114_S00125" HPOS="1050" VPOS="1068" WIDTH="33" HEIGHT="40" STYLEREFS="StyleId-0" CONTENT="to" WC="0.84" CC="03" />
            <SP ID="P114_SP00110" WIDTH="0" HPOS="0" VPOS="0" />
            <String ID="P114_S00126" HPOS="1116" VPOS="1063" WIDTH="51" HEIGHT="45" STYLEREFS="StyleId-0" CONTENT="his" WC="0.7633333" CC="600" />
            <SP ID="P114_SP00111" WIDTH="0" HPOS="0" VPOS="0" />
            <String ID="P114_S00127" HPOS="1199" VPOS="1064" WIDTH="93" HEIGHT="44" STYLEREFS="StyleId-0" CONTENT="place" WC="0.902" CC="04000" />
          </TextLine>
          <TextLine ID="P114_TL00017" HPOS="306" VPOS="1118" WIDTH="988" HEIGHT="37">
            <String ID="P114_S00128" HPOS="306" VPOS="1121" WIDTH="33" HEIGHT="30" STYLEREFS="StyleId-0" CONTENT="in" WC="0.97" CC="00" />
            <SP ID="P114_SP00112" WIDTH="0" HPOS="0" VPOS="0" />
            <String ID="P114_S00129" HPOS="356" VPOS="1121" WIDTH="57" HEIGHT="30" STYLEREFS="StyleId-0" CONTENT="the" WC="0.793333352" CC="060" />
            <SP ID="P114_SP00113" WIDTH="0" HPOS="0" VPOS="0" />
            <String ID="P114_S00130" HPOS="430" VPOS="1123" WIDTH="151" HEIGHT="36" STYLEREFS="StyleId-0" CONTENT="country," WC="0.87625" CC="00500300" />
            <SP ID="P114_SP00114" WIDTH="0" HPOS="0" VPOS="0" />
            <String ID="P114_S00131" HPOS="599" VPOS="1118" WIDTH="108" HEIGHT="41" STYLEREFS="StyleId-0" CONTENT="where" WC="0.742" CC="06060" />
            <SP ID="P114_SP00115" WIDTH="0" HPOS="0" VPOS="0" />
            <String ID="P114_S00132" HPOS="726" VPOS="1117" WIDTH="57" HEIGHT="42" STYLEREFS="StyleId-0" CONTENT="she" WC="0.673333347" CC="540" />
            <SP ID="P114_SP00116" WIDTH="0" HPOS="0" VPOS="0" />
            <String ID="P114_S00133" HPOS="801" VPOS="1116" WIDTH="108" HEIGHT="42" STYLEREFS="StyleId-0" CONTENT="would" WC="1" CC="00000" />
            <SP ID="P114_SP00117" WIDTH="0" HPOS="0" VPOS="0" />
            <String ID="P114_S00134" HPOS="927" VPOS="1116" WIDTH="83" HEIGHT="43" STYLEREFS="StyleId-0" CONTENT="have" WC="0.8125" CC="7000" />
            <SP ID="P114_SP00118" WIDTH="0" HPOS="0" VPOS="0" />
            <String ID="P114_S00135" HPOS="1026" VPOS="1115" WIDTH="98" HEIGHT="44" STYLEREFS="StyleId-0" CONTENT="fewer" WC="0.826" CC="40004" />
            <SP ID="P114_SP00119" WIDTH="0" HPOS="0" VPOS="0" />
            <String ID="P114_S00136" HPOS="1140" VPOS="1114" WIDTH="153" HEIGHT="45" STYLEREFS="StyleId-0" CONTENT="facilities" WC="0.872" CC="1001302400" />
          </TextLine>
          <TextLine ID="P114_TL00018" HPOS="305" VPOS="1169" WIDTH="989" HEIGHT="38">
            <String ID="P114_S00137" HPOS="305" VPOS="1173" WIDTH="48" HEIGHT="30" STYLEREFS="StyleId-0" CONTENT="for" WC="0.69" CC="035" />
            <SP ID="P114_SP00120" WIDTH="0" HPOS="0" VPOS="0" />
            <String ID="P114_S00138" HPOS="381" VPOS="1171" WIDTH="144" HEIGHT="39" STYLEREFS="StyleId-0" CONTENT="running" WC="0.9114286" CC="0020030" />
            <SP ID="P114_SP00121" WIDTH="0" HPOS="0" VPOS="0" />
            <String ID="P114_S00139" HPOS="551" VPOS="1180" WIDTH="93" HEIGHT="30" STYLEREFS="StyleId-0" CONTENT="away" WC="1" CC="0000" />
            <SP ID="P114_SP00122" WIDTH="0" HPOS="0" VPOS="0" />
            <String ID="P114_S00140" HPOS="671" VPOS="1169" WIDTH="82" HEIGHT="42" STYLEREFS="StyleId-0" CONTENT="than" WC="0.85" CC="0600" />
            <SP ID="P114_SP00123" WIDTH="0" HPOS="0" VPOS="0" />
            <String ID="P114_S00141" HPOS="783" VPOS="1167" WIDTH="32" HEIGHT="43" STYLEREFS="StyleId-0" CONTENT="in" WC="1" CC="00" />
            <SP ID="P114_SP00124" WIDTH="0" HPOS="0" VPOS="0" />
            <String ID="P114_S00142" HPOS="844" VPOS="1168" WIDTH="49" HEIGHT="42" STYLEREFS="StyleId-0" CONTENT="St." WC="0.75666666" CC="204" />
            <SP ID="P114_SP00125" WIDTH="0" HPOS="0" VPOS="0" />
            <String ID="P114_S00143" HPOS="924" VPOS="1166" WIDTH="114" HEIGHT="45" STYLEREFS="StyleId-0" CONTENT="Louis." WC="0.74" CC="204503" />
            <SP ID="P114_SP00126" WIDTH="0" HPOS="0" VPOS="0" />
            <String ID="P114_S00144" HPOS="1087" VPOS="1167" WIDTH="67" HEIGHT="43" STYLEREFS="StyleId-0" CONTENT="But" WC="0.803333342" CC="500" />
            <SP ID="P114_SP00127" WIDTH="0" HPOS="0" VPOS="0" />
            <String ID="P114_S00145" HPOS="1186" VPOS="1166" WIDTH="108" HEIGHT="45" STYLEREFS="StyleId-0" CONTENT="before" WC="0.808333337" CC="003160" />
          </TextLine>
          <TextLine ID="P114_TL00019" HPOS="304" VPOS="1220" WIDTH="989" HEIGHT="37">
            <String ID="P114_S00146" HPOS="304" VPOS="1224" WIDTH="57" HEIGHT="30" STYLEREFS="StyleId-0" CONTENT="the" WC="0.956666648" CC="010" />
            <SP ID="P114_SP00128" WIDTH="0" HPOS="0" VPOS="0" />
            <String ID="P114_S00147" HPOS="386" VPOS="1222" WIDTH="90" HEIGHT="32" STYLEREFS="StyleId-0" CONTENT="week" WC="1" CC="0000" />
            <SP ID="P114_SP00129" WIDTH="0" HPOS="0" VPOS="0" />
            <String ID="P114_S00148" HPOS="496" VPOS="1221" WIDTH="132" HEIGHT="40" STYLEREFS="StyleId-0" CONTENT="expired" WC="0.91" CC="0003030" />
            <SP ID="P114_SP00130" WIDTH="0" HPOS="0" VPOS="0" />
            <String ID="P114_S00149" HPOS="653" VPOS="1220" WIDTH="40" HEIGHT="41" STYLEREFS="StyleId-0" CONTENT="he" WC="0.68" CC="60" />
            <SP ID="P114_SP00131" WIDTH="0" HPOS="0" VPOS="0" />
            <String ID="P114_S00150" HPOS="717" VPOS="1218" WIDTH="100" HEIGHT="42" STYLEREFS="StyleId-0" CONTENT="found" WC="1" CC="00000" />
            <SP ID="P114_SP00132" WIDTH="0" HPOS="0" VPOS="0" />
            <String ID="P114_S00151" HPOS="841" VPOS="1218" WIDTH="72" HEIGHT="42" STYLEREFS="StyleId-0" CONTENT="that" WC="0.8275" CC="3300" />
            <SP ID="P114_SP00133" WIDTH="0" HPOS="0" VPOS="0" />
            <String ID="P114_S00152" HPOS="937" VPOS="1217" WIDTH="57" HEIGHT="44" STYLEREFS="StyleId-0" CONTENT="she" WC="0.7" CC="360" />
            <SP ID="P114_SP00134" WIDTH="0" HPOS="0" VPOS="0" />
            <String ID="P114_S00153" HPOS="1023" VPOS="1217" WIDTH="65" HEIGHT="44" STYLEREFS="StyleId-0" CONTENT="had" WC="0.783333361" CC="600" />
            <SP ID="P114_SP00135" WIDTH="0" HPOS="0" VPOS="0" />
            <String ID="P114_S00154" HPOS="1115" VPOS="1216" WIDTH="98" HEIGHT="45" STYLEREFS="StyleId-0" CONTENT="taken" WC="0.862" CC="00006" />
            <SP ID="P114_SP00136" WIDTH="0" HPOS="0" VPOS="0" />
            <String ID="P114_S00155" HPOS="1237" VPOS="1216" WIDTH="56" HEIGHT="45" STYLEREFS="StyleId-0" CONTENT="the" WC="0.87" CC="021" />
          </TextLine>
          <TextLine ID="P114_TL00020" HPOS="306" VPOS="1271" WIDTH="988" HEIGHT="40">
            <String ID="P114_S00156" HPOS="306" VPOS="1286" WIDTH="120" HEIGHT="30" STYLEREFS="StyleId-0" CONTENT="money" WC="1" CC="00000" />
            <SP ID="P114_SP00137" WIDTH="0" HPOS="0" VPOS="0" />
            <String ID="P114_S00157" HPOS="446" VPOS="1273" WIDTH="110" HEIGHT="42" STYLEREFS="StyleId-0" CONTENT="which" WC="0.57" CC="06617" />
            <SP ID="P114_SP00138" WIDTH="0" HPOS="0" VPOS="0" />
            <String ID="P114_S00158" HPOS="577" VPOS="1272" WIDTH="60" HEIGHT="43" STYLEREFS="StyleId-0" CONTENT="she" WC="0.7966667" CC="060" />
            <SP ID="P114_SP00139" WIDTH="0" HPOS="0" VPOS="0" />
            <String ID="P114_S00159" HPOS="657" VPOS="1281" WIDTH="70" HEIGHT="34" STYLEREFS="StyleId-0" CONTENT="was" WC="1" CC="000" />
            <SP ID="P114_SP00140" WIDTH="0" HPOS="0" VPOS="0" />
            <String ID="P114_S00160" HPOS="750" VPOS="1269" WIDTH="108" HEIGHT="46" STYLEREFS="StyleId-0" CONTENT="owing" WC="0.75" CC="20360" />
            <SP ID="P114_SP00141" WIDTH="0" HPOS="0" VPOS="0" />
            <String ID="P114_S00161" HPOS="882" VPOS="1269" WIDTH="69" HEIGHT="46" STYLEREFS="StyleId-0" CONTENT="him" WC="0.7133333" CC="440" />
            <SP ID="P114_SP00142" WIDTH="0" HPOS="0" VPOS="0" />
            <String ID="P114_S00162" HPOS="972" VPOS="1279" WIDTH="42" HEIGHT="36" STYLEREFS="StyleId-0" CONTENT="on" WC="0.84" CC="30" />
            <SP ID="P114_SP00143" WIDTH="0" HPOS="0" VPOS="0" />
            <String ID="P114_S00163" HPOS="1040" VPOS="1269" WIDTH="59" HEIGHT="47" STYLEREFS="StyleId-0" CONTENT="her" WC="0.5366667" CC="706" />
            <SP ID="P114_SP00144" WIDTH="0" HPOS="0" VPOS="0" />
            <String ID="P114_S00164" HPOS="1119" VPOS="1267" WIDTH="91" HEIGHT="48" STYLEREFS="StyleId-0" CONTENT="time," WC="0.874" CC="02004" />
            <SP ID="P114_SP00145" WIDTH="0" HPOS="0" VPOS="0" />
            <String ID="P114_S00165" HPOS="1230" VPOS="1268" WIDTH="64" HEIGHT="48" STYLEREFS="StyleId-0" CONTENT="and" WC="1" CC="000" />
          </TextLine>
          <TextLine ID="P114_TL00021" HPOS="306" VPOS="1322" WIDTH="987" HEIGHT="37">
            <String ID="P114_S00166" HPOS="306" VPOS="1327" WIDTH="66" HEIGHT="30" STYLEREFS="StyleId-0" CONTENT="had" WC="0.8666667" CC="400" />
            <SP ID="P114_SP00146" WIDTH="0" HPOS="0" VPOS="0" />
            <String ID="P114_S00167" HPOS="404" VPOS="1325" WIDTH="96" HEIGHT="33" STYLEREFS="StyleId-0" CONTENT="acted" WC="0.874" CC="60000" />
            <SP ID="P114_SP00147" WIDTH="0" HPOS="0" VPOS="0" />
            <String ID="P114_S00168" HPOS="529" VPOS="1335" WIDTH="41" HEIGHT="23" STYLEREFS="StyleId-0" CONTENT="on" WC="0.625" CC="70" />
            <SP ID="P114_SP00148" WIDTH="0" HPOS="0" VPOS="0" />
            <String ID="P114_S00169" HPOS="594" VPOS="1323" WIDTH="57" HEIGHT="35" STYLEREFS="StyleId-0" CONTENT="the" WC="0.7966667" CC="032" />
            <SP ID="P114_SP00149" WIDTH="0" HPOS="0" VPOS="0" />
            <String ID="P114_S00170" HPOS="678" VPOS="1321" WIDTH="193" HEIGHT="41" STYLEREFS="StyleId-0" CONTENT="suggestion" WC="0.839" CC="0000002327" />
            <SP ID="P114_SP00150" WIDTH="0" HPOS="0" VPOS="0" />
            <String ID="P114_S00171" HPOS="897" VPOS="1319" WIDTH="108" HEIGHT="43" STYLEREFS="StyleId-0" CONTENT="which" WC="0.674" CC="06306" />
            <SP ID="P114_SP00151" WIDTH="0" HPOS="0" VPOS="0" />
            <String ID="P114_S00172" HPOS="1033" VPOS="1319" WIDTH="41" HEIGHT="43" STYLEREFS="StyleId-0" CONTENT="he" WC="0.75" CC="50" />
            <SP ID="P114_SP00152" WIDTH="0" HPOS="0" VPOS="0" />
            <String ID="P114_S00173" HPOS="1104" VPOS="1319" WIDTH="65" HEIGHT="43" STYLEREFS="StyleId-0" CONTENT="had" WC="1" CC="000" />
            <SP ID="P114_SP00153" WIDTH="0" HPOS="0" VPOS="0" />
            <String ID="P114_S00174" HPOS="1197" VPOS="1319" WIDTH="96" HEIGHT="43" STYLEREFS="StyleId-0" CONTENT="given" WC="0.806" CC="00045" />
          </TextLine>
          <TextLine ID="P114_TL00022" HPOS="305" VPOS="1372" WIDTH="716" HEIGHT="38">
            <String ID="P114_S00175" HPOS="305" VPOS="1376" WIDTH="69" HEIGHT="37" STYLEREFS="StyleId-0" CONTENT="her," WC="0.71" CC="6050" />
            <SP ID="P114_SP00154" WIDTH="0" HPOS="0" VPOS="0" />
            <String ID="P114_S00176" HPOS="393" VPOS="1375" WIDTH="64" HEIGHT="38" STYLEREFS="StyleId-0" CONTENT="and" WC="0.873333335" CC="300" />
            <SP ID="P114_SP00155" WIDTH="0" HPOS="0" VPOS="0" />
            <String ID="P114_S00177" HPOS="474" VPOS="1372" WIDTH="217" HEIGHT="41" STYLEREFS="StyleId-0" CONTENT="successfully" WC="0.8641667" CC="050000006040" />
            <SP ID="P114_SP00156" WIDTH="0" HPOS="0" VPOS="0" />
            <String ID="P114_S00178" HPOS="705" VPOS="1371" WIDTH="95" HEIGHT="42" STYLEREFS="StyleId-0" CONTENT="made" WC="1" CC="0000" />
            <SP ID="P114_SP00157" WIDTH="0" HPOS="0" VPOS="0" />
            <String ID="P114_S00179" HPOS="818" VPOS="1370" WIDTH="58" HEIGHT="43" STYLEREFS="StyleId-0" CONTENT="her" WC="0.686666667" CC="306" />
            <SP ID="P114_SP00158" WIDTH="0" HPOS="0" VPOS="0" />
            <String ID="P114_S00180" HPOS="892" VPOS="1379" WIDTH="129" HEIGHT="34" STYLEREFS="StyleId-0" CONTENT="escape." WC="0.9442857" CC="0000003" />
          </TextLine>
          <TextLine ID="P114_TL00023" HPOS="347" VPOS="1423" WIDTH="945" HEIGHT="41">
            <String ID="P114_S00181" HPOS="347" VPOS="1428" WIDTH="93" HEIGHT="31" STYLEREFS="StyleId-0" CONTENT="After" WC="0.736" CC="04125" />
            <SP ID="P114_SP00159" WIDTH="0" HPOS="0" VPOS="0" />
            <String ID="P114_S00182" HPOS="466" VPOS="1425" WIDTH="78" HEIGHT="37" STYLEREFS="StyleId-0" CONTENT="this," WC="0.786" CC="04104" />
            <SP ID="P114_SP00160" WIDTH="0" HPOS="0" VPOS="0" />
            <String ID="P114_S00183" HPOS="561" VPOS="1424" WIDTH="90" HEIGHT="44" STYLEREFS="StyleId-0" CONTENT="Julia" WC="0.724" CC="00670" />
            <SP ID="P114_SP00161" WIDTH="0" HPOS="0" VPOS="0" />
            <String ID="P114_S00184" HPOS="678" VPOS="1428" WIDTH="87" HEIGHT="40" STYLEREFS="StyleId-0" CONTENT="went" WC="0.9425" CC="0020" />
            <SP ID="P114_SP00162" WIDTH="0" HPOS="0" VPOS="0" />
            <String ID="P114_S00185" HPOS="792" VPOS="1425" WIDTH="57" HEIGHT="42" STYLEREFS="StyleId-0" CONTENT="out" WC="0.626666665" CC="640" />
            <SP ID="P114_SP00163" WIDTH="0" HPOS="0" VPOS="0" />
            <String ID="P114_S00186" HPOS="876" VPOS="1425" WIDTH="34" HEIGHT="42" STYLEREFS="StyleId-0" CONTENT="to" WC="1" CC="00" />
            <SP ID="P114_SP00164" WIDTH="0" HPOS="0" VPOS="0" />
            <String ID="P114_S00187" HPOS="933" VPOS="1420" WIDTH="123" HEIGHT="48" STYLEREFS="StyleId-0" CONTENT="service" WC="0.9242857" CC="0000500" />
            <SP ID="P114_SP00165" WIDTH="0" HPOS="0" VPOS="0" />
            <String ID="P114_S00188" HPOS="1077" VPOS="1421" WIDTH="48" HEIGHT="47" STYLEREFS="StyleId-0" CONTENT="for" WC="0.9066667" CC="200" />
            <SP ID="P114_SP00166" WIDTH="0" HPOS="0" VPOS="0" />
            <String ID="P114_S00189" HPOS="1146" VPOS="1431" WIDTH="18" HEIGHT="37" STYLEREFS="StyleId-0" CONTENT="a" WC="1" CC="0" />
            <SP ID="P114_SP00167" WIDTH="0" HPOS="0" VPOS="0" />
            <String ID="P114_S00190" HPOS="1185" VPOS="1419" WIDTH="108" HEIGHT="48" STYLEREFS="StyleId-0" CONTENT="while," WC="0.735" CC="075300" />
          </TextLine>
          <TextLine ID="P114_TL00024" HPOS="305" VPOS="1475" WIDTH="988" HEIGHT="39">
            <String ID="P114_S00191" HPOS="305" VPOS="1479" WIDTH="129" HEIGHT="40" STYLEREFS="StyleId-0" CONTENT="getting" WC="0.498571426" CC="100605210" />
            <SP ID="P114_SP00168" WIDTH="0" HPOS="0" VPOS="0" />
            <String ID="P114_S00192" HPOS="465" VPOS="1481" WIDTH="34" HEIGHT="38" STYLEREFS="StyleId-0" CONTENT="at" WC="1" CC="00" />
            <SP ID="P114_SP00169" WIDTH="0" HPOS="0" VPOS="0" />
            <String ID="P114_S00193" HPOS="531" VPOS="1477" WIDTH="72" HEIGHT="42" STYLEREFS="StyleId-0" CONTENT="first" WC="0.738" CC="37200" />
            <SP ID="P114_SP00170" WIDTH="0" HPOS="0" VPOS="0" />
            <String ID="P114_S00194" HPOS="630" VPOS="1476" WIDTH="59" HEIGHT="43" STYLEREFS="StyleId-0" CONTENT="but" WC="0.5933333" CC="740" />
            <SP ID="P114_SP00171" WIDTH="0" HPOS="0" VPOS="0" />
            <String ID="P114_S00195" HPOS="726" VPOS="1473" WIDTH="41" HEIGHT="45" STYLEREFS="StyleId-0" CONTENT="$5" WC="0.325" CC="76" />
            <SP ID="P114_SP00172" WIDTH="0" HPOS="0" VPOS="0" />
            <String ID="P114_S00196" HPOS="795" VPOS="1484" WIDTH="19" HEIGHT="35" STYLEREFS="StyleId-0" CONTENT="a" WC="0.56" CC="4" />
            <SP ID="P114_SP00173" WIDTH="0" HPOS="0" VPOS="0" />
            <String ID="P114_S00197" HPOS="849" VPOS="1473" WIDTH="138" HEIGHT="46" STYLEREFS="StyleId-0" CONTENT="month;" WC="0.705" CC="006065" />
            <SP ID="P114_SP00174" WIDTH="0" HPOS="0" VPOS="0" />
            <String ID="P114_S00198" HPOS="1015" VPOS="1472" WIDTH="64" HEIGHT="47" STYLEREFS="StyleId-0" CONTENT="and" WC="1" CC="000" />
            <SP ID="P114_SP00175" WIDTH="0" HPOS="0" VPOS="0" />
            <String ID="P114_S00199" HPOS="1104" VPOS="1471" WIDTH="79" HEIGHT="48" STYLEREFS="StyleId-0" CONTENT="then" WC="0.6625" CC="0615" />
            <SP ID="P114_SP00176" WIDTH="0" HPOS="0" VPOS="0" />
            <String ID="P114_S00200" HPOS="1209" VPOS="1471" WIDTH="84" HEIGHT="48" STYLEREFS="StyleId-0" CONTENT="lived" WC="0.932" CC="12000" />
          </TextLine>
          <TextLine ID="P114_TL00025" HPOS="305" VPOS="1526" WIDTH="987" HEIGHT="34">
            <String ID="P114_S00201" HPOS="305" VPOS="1531" WIDTH="48" HEIGHT="30" STYLEREFS="StyleId-0" CONTENT="for" WC="0.673333347" CC="026" />
            <SP ID="P114_SP00177" WIDTH="0" HPOS="0" VPOS="0" />
            <String ID="P114_S00202" HPOS="385" VPOS="1541" WIDTH="19" HEIGHT="21" STYLEREFS="StyleId-0" CONTENT="a" WC="0.46" CC="5" />
            <SP ID="P114_SP00178" WIDTH="0" HPOS="0" VPOS="0" />
            <String ID="P114_S00203" HPOS="435" VPOS="1529" WIDTH="82" HEIGHT="33" STYLEREFS="StyleId-0" CONTENT="time" WC="0.525" CC="7407" />
            <SP ID="P114_SP00179" WIDTH="0" HPOS="0" VPOS="0" />
            <String ID="P114_S00204" HPOS="548" VPOS="1527" WIDTH="82" HEIGHT="36" STYLEREFS="StyleId-0" CONTENT="with" WC="0.5725" CC="10007" />
            <SP ID="P114_SP00180" WIDTH="0" HPOS="0" VPOS="0" />
            <String ID="P114_S00205" HPOS="663" VPOS="1527" WIDTH="58" HEIGHT="36" STYLEREFS="StyleId-0" CONTENT="her" WC="0.473333329" CC="627" />
            <SP ID="P114_SP00181" WIDTH="0" HPOS="0" VPOS="0" />
            <String ID="P114_S00206" HPOS="759" VPOS="1528" WIDTH="79" HEIGHT="34" STYLEREFS="StyleId-0" CONTENT="aunt" WC="1" CC="0000" />
            <SP ID="P114_SP00182" WIDTH="0" HPOS="0" VPOS="0" />
            <String ID="P114_S00207" HPOS="875" VPOS="1524" WIDTH="33" HEIGHT="38" STYLEREFS="StyleId-0" CONTENT="in" WC="0.97" CC="00" />
            <SP ID="P114_SP00183" WIDTH="0" HPOS="0" VPOS="0" />
            <String ID="P114_S00208" HPOS="945" VPOS="1524" WIDTH="58" HEIGHT="38" STYLEREFS="StyleId-0" CONTENT="her" WC="0.5366667" CC="706" />
            <SP ID="P114_SP00184" WIDTH="0" HPOS="0" VPOS="0" />
            <String ID="P114_S00209" HPOS="1042" VPOS="1522" WIDTH="137" HEIGHT="40" STYLEREFS="StyleId-0" CONTENT="fugitive" WC="0.84125" CC="62000300" />
            <SP ID="P114_SP00185" WIDTH="0" HPOS="0" VPOS="0" />
            <String ID="P114_S00210" HPOS="1218" VPOS="1533" WIDTH="74" HEIGHT="30" STYLEREFS="StyleId-0" CONTENT="con¬" WC="0.8775" CC="0103" />
          </TextLine>
          <TextLine ID="P114_TL00026" HPOS="305" VPOS="1576" WIDTH="987" HEIGHT="38">
            <String ID="P114_S00211" HPOS="305" VPOS="1582" WIDTH="164" HEIGHT="30" STYLEREFS="StyleId-0" CONTENT="cealment" WC="1" CC="00000000" />
            <SP ID="P114_SP00186" WIDTH="0" HPOS="0" VPOS="0" />
            <String ID="P114_S00212" HPOS="494" VPOS="1580" WIDTH="33" HEIGHT="32" STYLEREFS="StyleId-0" CONTENT="in" WC="0.765" CC="40" />
            <SP ID="P114_SP00187" WIDTH="0" HPOS="0" VPOS="0" />
            <String ID="P114_S00213" HPOS="553" VPOS="1579" WIDTH="158" HEIGHT="38" STYLEREFS="StyleId-0" CONTENT="Chicago." WC="0.77375" CC="05500052" />
            <SP ID="P114_SP00188" WIDTH="0" HPOS="0" VPOS="0" />
            <String ID="P114_S00214" HPOS="759" VPOS="1575" WIDTH="66" HEIGHT="42" STYLEREFS="StyleId-0" CONTENT="She" WC="0.77" CC="060" />
            <SP ID="P114_SP00189" WIDTH="0" HPOS="0" VPOS="0" />
            <String ID="P114_S00215" HPOS="852" VPOS="1575" WIDTH="64" HEIGHT="42" STYLEREFS="StyleId-0" CONTENT="had" WC="0.8" CC="600" />
            <SP ID="P114_SP00190" WIDTH="0" HPOS="0" VPOS="0" />
            <String ID="P114_S00216" HPOS="942" VPOS="1574" WIDTH="132" HEIGHT="43" STYLEREFS="StyleId-0" CONTENT="learned" WC="0.9042857" CC="2004000" />
            <SP ID="P114_SP00191" WIDTH="0" HPOS="0" VPOS="0" />
            <String ID="P114_S00217" HPOS="1101" VPOS="1573" WIDTH="52" HEIGHT="44" STYLEREFS="StyleId-0" CONTENT="hei" WC="0.7366667" CC="205" />
            <SP ID="P114_SP00192" WIDTH="0" HPOS="0" VPOS="0" />
            <String ID="P114_S00218" HPOS="1180" VPOS="1574" WIDTH="112" HEIGHT="43" STYLEREFS="StyleId-0" CONTENT="letters" WC="0.7714286" CC="3200090" />
          </TextLine>
          <TextLine ID="P114_TL00027" HPOS="305" VPOS="1627" WIDTH="988" HEIGHT="37">
            <String ID="P114_S00219" HPOS="306" VPOS="1632" WIDTH="96" HEIGHT="30" STYLEREFS="StyleId-0" CONTENT="when" WC="0.57" CC="10700" />
            <SP ID="P114_SP00193" WIDTH="0" HPOS="0" VPOS="0" />
            <String ID="P114_S00220" HPOS="426" VPOS="1643" WIDTH="20" HEIGHT="20" STYLEREFS="StyleId-0" CONTENT="a" WC="0.57" CC="4" />
            <SP ID="P114_SP00194" WIDTH="0" HPOS="0" VPOS="0" />
            <String ID="P114_S00221" HPOS="468" VPOS="1630" WIDTH="88" HEIGHT="33" STYLEREFS="StyleId-0" CONTENT="child" WC="0.69" CC="05640" />
            <SP ID="P114_SP00195" WIDTH="0" HPOS="0" VPOS="0" />
            <String ID="P114_S00222" HPOS="579" VPOS="1630" WIDTH="32" HEIGHT="33" STYLEREFS="StyleId-0" CONTENT="in" WC="0.855" CC="20" />
            <SP ID="P114_SP00196" WIDTH="0" HPOS="0" VPOS="0" />
            <String ID="P114_S00223" HPOS="639" VPOS="1625" WIDTH="276" HEIGHT="42" STYLEREFS="StyleId-0" CONTENT="Sunday-school," WC="0.6592857" CC="03407036750034" />
            <SP ID="P114_SP00197" WIDTH="0" HPOS="0" VPOS="0" />
            <String ID="P114_S00224" HPOS="935" VPOS="1625" WIDTH="63" HEIGHT="42" STYLEREFS="StyleId-0" CONTENT="and" WC="0.91" CC="020" />
            <SP ID="P114_SP00198" WIDTH="0" HPOS="0" VPOS="0" />
            <String ID="P114_S00225" HPOS="1023" VPOS="1624" WIDTH="138" HEIGHT="43" STYLEREFS="StyleId-0" CONTENT="hearing" WC="0.79285717" CC="5000620" />
            <SP ID="P114_SP00199" WIDTH="0" HPOS="0" VPOS="0" />
            <String ID="P114_S00226" HPOS="1182" VPOS="1632" WIDTH="30" HEIGHT="36" STYLEREFS="StyleId-0" CONTENT="or" WC="0.305" CC="67" />
            <SP ID="P114_SP00200" WIDTH="0" HPOS="0" VPOS="0" />
            <String ID="P114_S00227" HPOS="1238" VPOS="1624" WIDTH="55" HEIGHT="43" STYLEREFS="StyleId-0" CONTENT="the" WC="0.5933333" CC="650" />
          </TextLine>
          <TextLine ID="P114_TL00028" HPOS="307" VPOS="1678" WIDTH="984" HEIGHT="39">
            <String ID="P114_S00228" HPOS="307" VPOS="1684" WIDTH="204" HEIGHT="37" STYLEREFS="StyleId-0" CONTENT="advantages" WC="0.74" CC="10010060008" />
            <SP ID="P114_SP00201" WIDTH="0" HPOS="0" VPOS="0" />
            <String ID="P114_S00229" HPOS="535" VPOS="1681" WIDTH="50" HEIGHT="40" STYLEREFS="StyleId-0" CONTENT="for" WC="0.25333333" CC="867" />
            <SP ID="P114_SP00202" WIDTH="0" HPOS="0" VPOS="0" />
            <String ID="P114_S00230" HPOS="606" VPOS="1679" WIDTH="129" HEIGHT="42" STYLEREFS="StyleId-0" CONTENT="getting" WC="0.7385714" CC="0008620" />
            <SP ID="P114_SP00203" WIDTH="0" HPOS="0" VPOS="0" />
            <String ID="P114_S00231" HPOS="750" VPOS="1687" WIDTH="41" HEIGHT="34" STYLEREFS="StyleId-0" CONTENT="an" WC="0.205" CC="87" />
            <SP ID="P114_SP00204" WIDTH="0" HPOS="0" VPOS="0" />
            <String ID="P114_S00232" HPOS="810" VPOS="1676" WIDTH="176" HEIGHT="45" STYLEREFS="StyleId-0" CONTENT="education" WC="0.8922222" CC="500000400" />
            <SP ID="P114_SP00205" WIDTH="0" HPOS="0" VPOS="0" />
            <String ID="P114_S00233" HPOS="1005" VPOS="1680" WIDTH="33" HEIGHT="42" STYLEREFS="StyleId-0" CONTENT="at" WC="1" CC="00" />
            <SP ID="P114_SP00206" WIDTH="0" HPOS="0" VPOS="0" />
            <String ID="P114_S00234" HPOS="1056" VPOS="1676" WIDTH="81" HEIGHT="45" STYLEREFS="StyleId-0" CONTENT="Fisk" WC="0.655" CC="7600" />
            <SP ID="P114_SP00207" WIDTH="0" HPOS="0" VPOS="0" />
            <String ID="P114_S00235" HPOS="1155" VPOS="1675" WIDTH="136" HEIGHT="46" STYLEREFS="StyleId-0" CONTENT="Univer¬" WC="0.441428572" CC="0769753" />
          </TextLine>
          <TextLine ID="P114_TL00029" HPOS="306" VPOS="1730" WIDTH="987" HEIGHT="41">
            <String ID="P114_S00236" HPOS="306" VPOS="1735" WIDTH="75" HEIGHT="40" STYLEREFS="StyleId-0" CONTENT="sity," WC="0.894" CC="05000" />
            <SP ID="P114_SP00208" WIDTH="0" HPOS="0" VPOS="0" />
            <String ID="P114_S00237" HPOS="400" VPOS="1731" WIDTH="204" HEIGHT="44" STYLEREFS="StyleId-0" CONTENT="determined" WC="0.943" CC="0000005000" />
            <SP ID="P114_SP00209" WIDTH="0" HPOS="0" VPOS="0" />
            <String ID="P114_S00238" HPOS="621" VPOS="1735" WIDTH="32" HEIGHT="40" STYLEREFS="StyleId-0" CONTENT="to" WC="0.895" CC="02" />
            <SP ID="P114_SP00210" WIDTH="0" HPOS="0" VPOS="0" />
            <String ID="P114_S00239" HPOS="670" VPOS="1740" WIDTH="40" HEIGHT="35" STYLEREFS="StyleId-0" CONTENT="go" WC="0.885" CC="02" />
            <SP ID="P114_SP00211" WIDTH="0" HPOS="0" VPOS="0" />
            <String ID="P114_S00240" HPOS="727" VPOS="1728" WIDTH="96" HEIGHT="47" STYLEREFS="StyleId-0" CONTENT="the'5" WC="0.414" CC="037108" />
            <SP ID="P114_SP00212" WIDTH="0" HPOS="0" VPOS="0" />
            <String ID="P114_S00241" HPOS="839" VPOS="1728" WIDTH="63" HEIGHT="47" STYLEREFS="StyleId-0" CONTENT="and" WC="0.75666666" CC="700" />
            <SP ID="P114_SP00213" WIDTH="0" HPOS="0" VPOS="0" />
            <String ID="P114_S00242" HPOS="920" VPOS="1737" WIDTH="133" HEIGHT="38" STYLEREFS="StyleId-0" CONTENT="prepare" WC="0.9" CC="0700000" />
            <SP ID="P114_SP00214" WIDTH="0" HPOS="0" VPOS="0" />
            <String ID="P114_S00243" HPOS="1071" VPOS="1731" WIDTH="33" HEIGHT="45" STYLEREFS="StyleId-0" CONTENT="to" WC="0.46" CC="73" />
            <SP ID="P114_SP00215" WIDTH="0" HPOS="0" VPOS="0" />
            <String ID="P114_S00244" HPOS="1122" VPOS="1726" WIDTH="133" HEIGHT="49" STYLEREFS="StyleId-0" CONTENT="become" WC="0.57" CC="0305107" />
            <SP ID="P114_SP00216" WIDTH="0" HPOS="0" VPOS="0" />
            <String ID="P114_S00245" HPOS="1275" VPOS="1737" WIDTH="18" HEIGHT="39" STYLEREFS="StyleId-0" CONTENT="a" WC="0.24" CC="7" />
          </TextLine>
          <TextLine ID="P114_TL00030" HPOS="306" VPOS="1781" WIDTH="984" HEIGHT="36">
            <String ID="P114_S00246" HPOS="306" VPOS="1785" WIDTH="145" HEIGHT="32" STYLEREFS="StyleId-0" CONTENT="teacher." WC="0.80375" CC="00005054" />
            <SP ID="P114_SP00217" WIDTH="0" HPOS="0" VPOS="0" />
            <String ID="P114_S00247" HPOS="500" VPOS="1784" WIDTH="71" HEIGHT="33" STYLEREFS="StyleId-0" CONTENT="Her" WC="0.73" CC="106" />
            <SP ID="P114_SP00218" WIDTH="0" HPOS="0" VPOS="0" />
            <String ID="P114_S00248" HPOS="588" VPOS="1782" WIDTH="129" HEIGHT="36" STYLEREFS="StyleId-0" CONTENT="mother" WC="0.548333347" CC="950650" />
            <SP ID="P114_SP00219" WIDTH="0" HPOS="0" VPOS="0" />
            <String ID="P114_S00249" HPOS="733" VPOS="1780" WIDTH="95" HEIGHT="37" STYLEREFS="StyleId-0" CONTENT="aiisd" WC="0.422" CC="91674" />
            <SP ID="P114_SP00220" WIDTH="0" HPOS="0" VPOS="0" />
            <String ID="P114_S00250" HPOS="846" VPOS="1780" WIDTH="58" HEIGHT="37" STYLEREFS="StyleId-0" CONTENT="her" WC="0.6166667" CC="515" />
            <SP ID="P114_SP00221" WIDTH="0" HPOS="0" VPOS="0" />
            <String ID="P114_S00251" HPOS="925" VPOS="1779" WIDTH="33" HEIGHT="38" STYLEREFS="StyleId-0" CONTENT="in" WC="0.495" CC="54" />
            <SP ID="P114_SP00222" WIDTH="0" HPOS="0" VPOS="0" />
            <String ID="P114_S00252" HPOS="983" VPOS="1778" WIDTH="123" HEIGHT="40" STYLEREFS="StyleId-0" CONTENT="paying" WC="0.87833333" CC="050100" />
            <SP ID="P114_SP00223" WIDTH="0" HPOS="0" VPOS="0" />
            <String ID="P114_S00253" HPOS="1128" VPOS="1777" WIDTH="60" HEIGHT="41" STYLEREFS="StyleId-0" CONTENT="her" WC="0.543333352" CC="606" />
            <SP ID="P114_SP00224" WIDTH="0" HPOS="0" VPOS="0" />
            <String ID="P114_S00254" HPOS="1208" VPOS="1788" WIDTH="82" HEIGHT="30" STYLEREFS="StyleId-0" CONTENT="way," WC="0.49" CC="0874" />
          </TextLine>
          <TextLine ID="P114_TL00031" HPOS="306" VPOS="1833" WIDTH="987" HEIGHT="34">
            <String ID="P114_S00255" HPOS="306" VPOS="1838" WIDTH="64" HEIGHT="30" STYLEREFS="StyleId-0" CONTENT="and" WC="0.563333333" CC="840" />
            <SP ID="P114_SP00225" WIDTH="0" HPOS="0" VPOS="0" />
            <String ID="P114_S00256" HPOS="388" VPOS="1848" WIDTH="36" HEIGHT="21" STYLEREFS="StyleId-0" CONTENT="as" WC="1" CC="00" />
            <SP ID="P114_SP00226" WIDTH="0" HPOS="0" VPOS="0" />
            <String ID="P114_S00257" HPOS="443" VPOS="1845" WIDTH="79" HEIGHT="24" STYLEREFS="StyleId-0" CONTENT="soon" WC="0.8675" CC="0400" />
            <SP ID="P114_SP00227" WIDTH="0" HPOS="0" VPOS="0" />
            <String ID="P114_S00258" HPOS="541" VPOS="1845" WIDTH="36" HEIGHT="23" STYLEREFS="StyleId-0" CONTENT="as" WC="1" CC="00" />
            <SP ID="P114_SP00228" WIDTH="0" HPOS="0" VPOS="0" />
            <String ID="P114_S00259" HPOS="594" VPOS="1834" WIDTH="57" HEIGHT="34" STYLEREFS="StyleId-0" CONTENT="she" WC="0.31" CC="1064" />
            <SP ID="P114_SP00229" WIDTH="0" HPOS="0" VPOS="0" />
            <String ID="P114_S00260" HPOS="670" VPOS="1833" WIDTH="64" HEIGHT="35" STYLEREFS="StyleId-0" CONTENT="had" WC="0.793333352" CC="600" />
            <SP ID="P114_SP00230" WIDTH="0" HPOS="0" VPOS="0" />
            <String ID="P114_S00261" HPOS="751" VPOS="1833" WIDTH="98" HEIGHT="35" STYLEREFS="StyleId-0" CONTENT="made" WC="0.5175" CC="7470" />
            <SP ID="P114_SP00231" WIDTH="0" HPOS="0" VPOS="0" />
            <String ID="P114_S00262" HPOS="871" VPOS="1830" WIDTH="163" HEIGHT="39" STYLEREFS="StyleId-0" CONTENT="sufficient" WC="0.59" CC="0578706006" />
            <SP ID="P114_SP00232" WIDTH="0" HPOS="0" VPOS="0" />
            <String ID="P114_S00263" HPOS="1058" VPOS="1839" WIDTH="150" HEIGHT="30" STYLEREFS="StyleId-0" CONTENT="progress" WC="0.83375" CC="03005004" />
            <SP ID="P114_SP00233" WIDTH="0" HPOS="0" VPOS="0" />
            <String ID="P114_S00264" HPOS="1233" VPOS="1829" WIDTH="60" HEIGHT="39" STYLEREFS="StyleId-0" CONTENT="she" WC="0.426666677" CC="376" />
          </TextLine>
          <TextLine ID="P114_TL00032" HPOS="305" VPOS="1883" WIDTH="985" HEIGHT="42">
            <String ID="P114_S00265" HPOS="305" VPOS="1893" WIDTH="97" HEIGHT="36" STYLEREFS="StyleId-0" CONTENT="spent" WC="1" CC="00000" />
            <SP ID="P114_SP00234" WIDTH="0" HPOS="0" VPOS="0" />
            <String ID="P114_S00266" HPOS="429" VPOS="1888" WIDTH="58" HEIGHT="41" STYLEREFS="StyleId-0" CONTENT="her" WC="0.636666656" CC="604" />
            <SP ID="P114_SP00235" WIDTH="0" HPOS="0" VPOS="0" />
            <String ID="P114_S00267" HPOS="513" VPOS="1885" WIDTH="153" HEIGHT="44" STYLEREFS="StyleId-0" CONTENT="vacation" WC="0.72125" CC="94000026" />
            <SP ID="P114_SP00236" WIDTH="0" HPOS="0" VPOS="0" />
            <String ID="P114_S00268" HPOS="696" VPOS="1885" WIDTH="33" HEIGHT="44" STYLEREFS="StyleId-0" CONTENT="in" WC="0.68" CC="60" />
            <SP ID="P114_SP00237" WIDTH="0" HPOS="0" VPOS="0" />
            <String ID="P114_S00269" HPOS="754" VPOS="1883" WIDTH="159" HEIGHT="46" STYLEREFS="StyleId-0" CONTENT="teaching" WC="0.57" CC="06770480" />
            <SP ID="P114_SP00238" WIDTH="0" HPOS="0" VPOS="0" />
            <String ID="P114_S00270" HPOS="945" VPOS="1893" WIDTH="20" HEIGHT="36" STYLEREFS="StyleId-0" CONTENT="a" WC="1" CC="0" />
            <SP ID="P114_SP00239" WIDTH="0" HPOS="0" VPOS="0" />
            <String ID="P114_S00271" HPOS="995" VPOS="1885" WIDTH="138" HEIGHT="44" STYLEREFS="StyleId-0" CONTENT="countrv" WC="0.687142849" CC="2048007" />
            <SP ID="P114_SP00240" WIDTH="0" HPOS="0" VPOS="0" />
            <String ID="P114_S00272" HPOS="1166" VPOS="1879" WIDTH="124" HEIGHT="50" STYLEREFS="StyleId-0" CONTENT="school." WC="0.627142847" CC="6750204" />
          </TextLine>
          <TextLine ID="P114_TL00033" HPOS="305" VPOS="1933" WIDTH="986" HEIGHT="35">
            <String ID="P114_S00273" HPOS="305" VPOS="1942" WIDTH="67" HEIGHT="30" STYLEREFS="StyleId-0" CONTENT="She" WC="0.9" CC="030" />
            <SP ID="P114_SP00241" WIDTH="0" HPOS="0" VPOS="0" />
            <String ID="P114_S00274" HPOS="393" VPOS="1938" WIDTH="102" HEIGHT="33" STYLEREFS="StyleId-0" CONTENT="found" WC="0.674" CC="45510" />
            <SP ID="P114_SP00242" WIDTH="0" HPOS="0" VPOS="0" />
            <String ID="P114_S00275" HPOS="519" VPOS="1938" WIDTH="57" HEIGHT="34" STYLEREFS="StyleId-0" CONTENT="the" WC="0.686666667" CC="044" />
            <SP ID="P114_SP00243" WIDTH="0" HPOS="0" VPOS="0" />
            <String ID="P114_S00276" HPOS="600" VPOS="1936" WIDTH="204" HEIGHT="36" STYLEREFS="StyleId-0" CONTENT="schoolroom" WC="0.735" CC="0200009408" />
            <SP ID="P114_SP00244" WIDTH="0" HPOS="0" VPOS="0" />
            <String ID="P114_S00277" HPOS="834" VPOS="1935" WIDTH="121" HEIGHT="36" STYLEREFS="StyleId-0" CONTENT="almost" WC="0.93" CC="400000" />
            <SP ID="P114_SP00245" WIDTH="0" HPOS="0" VPOS="0" />
            <String ID="P114_S00278" HPOS="979" VPOS="1930" WIDTH="228" HEIGHT="42" STYLEREFS="StyleId-0" CONTENT="unfurnisned," WC="0.615833342" CC="0617650107001" />
            <SP ID="P114_SP00246" WIDTH="0" HPOS="0" VPOS="0" />
            <String ID="P114_S00279" HPOS="1227" VPOS="1929" WIDTH="63" HEIGHT="42" STYLEREFS="StyleId-0" CONTENT="and" WC="1" CC="000" />
          </TextLine>
          <TextLine ID="P114_TL00034" HPOS="305" VPOS="1983" WIDTH="984" HEIGHT="37">
            <String ID="P114_S00280" HPOS="305" VPOS="1991" WIDTH="96" HEIGHT="33" STYLEREFS="StyleId-0" CONTENT="made" WC="0.66" CC="0804" />
            <SP ID="P114_SP00247" WIDTH="0" HPOS="0" VPOS="0" />
            <String ID="P114_S00281" HPOS="418" VPOS="1989" WIDTH="102" HEIGHT="35" STYLEREFS="StyleId-0" CONTENT="forms" WC="0.528" CC="75280" />
            <SP ID="P114_SP00248" WIDTH="0" HPOS="0" VPOS="0" />
            <String ID="P114_S00282" HPOS="536" VPOS="1988" WIDTH="79" HEIGHT="36" STYLEREFS="StyleId-0" CONTENT="with" WC="0.935" CC="0200" />
            <SP ID="P114_SP00249" WIDTH="0" HPOS="0" VPOS="0" />
            <String ID="P114_S00283" HPOS="634" VPOS="1987" WIDTH="58" HEIGHT="37" STYLEREFS="StyleId-0" CONTENT="her" WC="0.8233333" CC="500" />
            <SP ID="P114_SP00250" WIDTH="0" HPOS="0" VPOS="0" />
            <String ID="P114_S00284" HPOS="709" VPOS="1997" WIDTH="72" HEIGHT="27" STYLEREFS="StyleId-0" CONTENT="own" WC="0.7733333" CC="131" />
            <SP ID="P114_SP00251" WIDTH="0" HPOS="0" VPOS="0" />
            <String ID="P114_S00285" HPOS="801" VPOS="1985" WIDTH="106" HEIGHT="39" STYLEREFS="StyleId-0" CONTENT="bands" WC="0.384" CC="710805" />
            <SP ID="P114_SP00252" WIDTH="0" HPOS="0" VPOS="0" />
            <String ID="P114_S00286" HPOS="925" VPOS="1984" WIDTH="48" HEIGHT="40" STYLEREFS="StyleId-0" CONTENT="for" WC="0.6666667" CC="0010" />
            <SP ID="P114_SP00253" WIDTH="0" HPOS="0" VPOS="0" />
            <String ID="P114_S00287" HPOS="989" VPOS="1982" WIDTH="56" HEIGHT="42" STYLEREFS="StyleId-0" CONTENT="the" WC="0.8666667" CC="040" />
            <SP ID="P114_SP00254" WIDTH="0" HPOS="0" VPOS="0" />
            <String ID="P114_S00288" HPOS="1064" VPOS="1980" WIDTH="225" HEIGHT="45" STYLEREFS="StyleId-0" CONTENT="accommoda-" WC="0.908" CC="0004000003" />
          </TextLine>
        </TextBlock>
      </PrintSpace>
    </Page>
  </Layout>
</alto>