1725 2400
543 315 236 27 OVERWORK
795 315 90 27 AND
903 315 184 27 ILLNESS.

1278 320 32 27 75

315 405 35 26 to
384 401 82 41 keep
500 413 52 29 on,
577 406 33 36 at
634 403 169 39 whatever
828 402 147 39 sacrifice
1001 402 33 39 of
1056 401 152 41 personal
1233 401 76 41 feel¬

318 453 75 39 ings
420 464 36 29 or
486 455 164 39 strength,
675 454 81 40 with
783 455 57 39 the
864 455 99 39 work.
1012 454 66 40 But
1104 465 18 30 a
1146 453 60 41 few
1230 453 80 42 days

318 506 85 30 after
432 506 41 30 he
506 507 150 30 received
687 507 213 39 intelligence
931 507 73 39 that
1030 504 183 42 impressed
1242 504 67 42 him

317 558 82 30 with
417 558 56 30 the
492 558 188 31 conviction
697 558 74 30 that
786 559 52 30 his
853 559 83 36 wife,
951 558 74 37 who
1038 558 66 38 had
1115 558 81 38 been
1209 556 100 39 taken

317 610 81 30 with
423 610 139 39 typhoid
586 610 99 39 fever,
711 621 69 29 was
804 621 90 29 more
920 610 159 39 seriously
1105 609 35 41 ill
1164 609 81 41 than
1270 608 40 42 he

319 661 178 39 supposed.
547 661 173 40 Hurrying
746 666 34 36 to
809 661 58 40 her
888 661 144 40 bedside,
1052 661 40 40 he
1121 660 141 42 reached
1286 659 24 42 it

319 713 67 30 less
403 713 82 30 than
503 716 66 27 two
587 713 81 39 days
685 712 109 39 before
814 713 57 39 she
894 712 84 39 died.
1027 711 66 40 She
1111 711 64 40 had
1192 711 81 40 been
1293 721 18 30 a

319 765 120 30 valued
450 764 137 30 teacher
597 764 80 30 with
692 763 69 31 him
775 768 33 27 at
821 763 80 31 Fisk
915 763 109 31 before
1036 762 273 39 theirmarriage;

321 817 64 30 and
403 816 58 31 her
479 815 111 37 death,
605 815 109 37 which
726 815 110 37 would
853 815 83 37 have
950 815 82 37 been
1047 825 18 27 a
1078 813 132 39 terrible
1227 813 84 39 blow

321 872 33 26 at
373 879 63 29 any
454 867 91 40 time,
564 867 33 41 in
624 866 95 42 these
745 866 147 42 peculiar
920 866 261 42 circumstances
1206 864 33 43 of
1260 864 51 43 his

321 919 116 30 health
456 919 64 30 and
537 918 90 32 work
644 928 69 21 was
734 917 228 40 unspeakably
979 916 120 41 trying.
1147 917 27 40 A
1191 916 66 41 loss
1282 915 33 42 of

323 972 90 38 sleep
446 970 64 39 and
540 969 145 40 appetite
713 969 151 41 followed
892 968 108 42 which
1029 979 35 30 so
1092 967 141 42 reduced
1260 966 51 43 his

324 1021 153 39 strength
494 1020 74 39 that
585 1020 41 39 he
643 1031 68 29 was
728 1020 114 39 finally
859 1019 129 41 obliged
1005 1023 34 37 to
1056 1018 72 42 give
1148 1029 42 31 up
1212 1017 98 42 work.

323 1072 75 30 And
415 1072 33 30 in
465 1071 57 31 the
540 1071 101 31 midst
658 1071 34 31 of
706 1071 67 32 this
792 1071 201 39 prostration
1011 1070 41 40 he
1070 1080 68 30 was
1158 1068 154 42 attacked

323 1124 81 31 with
432 1123 218 39 hemorrhage
676 1122 34 39 of
734 1122 57 40 the
819 1122 108 39 lungs,
951 1121 64 41 and
1043 1121 48 41 for
1115 1131 90 31 some
1232 1119 80 42 time

326 1176 132 30 seemed
474 1179 33 27 to
526 1175 38 31 be
582 1174 92 39 lying
691 1177 33 36 at
741 1173 57 40 the
815 1184 78 30 very
910 1176 93 37 gates
1021 1172 33 42 of
1068 1172 110 42 death.

367 1226 110 30 These
494 1226 86 30 facts
603 1224 175 39 becoming
798 1224 118 39 known
936 1228 34 36 to
990 1223 123 41 friends
1134 1223 177 41 interested

324 1278 33 31 in
375 1278 57 31 the
449 1277 100 37 work,
569 1277 94 37 offers
682 1276 34 38 of
737 1276 185 38 assistance
939 1285 84 29 were
1040 1284 189 30 numerous,
1249 1274 63 40 and

324 1330 43 39 by
383 1329 129 41 relying
528 1328 126 42 largely
670 1338 41 32 on
723 1328 172 42 volunteer
912 1326 75 43 help
1004 1326 56 43 the
1079 1326 133 44 Singers
1227 1335 84 34 were

325 1380 73 31 able
416 1384 35 27 to
468 1389 40 30 go
526 1390 42 29 on
586 1380 64 39 and
667 1379 47 40 fill
732 1379 43 40 all
791 1377 87 42 their
894 1377 259 42 appointments.

366 1433 42 30 At
438 1431 168 37 Sheffield,
642 1430 123 39 Derby,
798 1428 312 41 Wolverhampton,
1145 1427 166 42 Norwich,

325 1482 156 41 Ipswich,
516 1481 210 42 Cambridge,
760 1480 180 43 Leicester,
974 1479 233 45 Nottingham,
1241 1479 71 45 Bir¬

324 1533 185 40 mingham,
525 1533 64 41 and
603 1533 96 41 other
710 1531 104 42 cities,
828 1531 57 42 the
900 1530 208 44 experiences
1120 1530 33 44 of
1166 1530 147 43 January

323 1596 86 20 were
429 1584 156 40 repeated
604 1583 34 41 in
662 1582 150 42 crowded
838 1581 188 42 audiences,
1052 1590 162 34 generous
1239 1590 74 34 con¬

323 1635 192 38 tributions,
534 1634 63 39 and
620 1633 56 39 the
693 1632 84 40 good
800 1632 96 41 cheer
920 1631 34 42 of
974 1635 74 38 true
1072 1629 141 43 English
1239 1629 73 43 hos¬

325 1686 144 41 pitality.

368 1737 110 30 There
498 1747 69 21 was
589 1747 19 21 a
632 1736 90 39 large
744 1735 133 40 harvest
903 1734 68 41 still
996 1733 207 42 ungathered
1218 1732 94 43 when

325 1789 57 31 the
409 1788 80 32 time
516 1788 87 32 drew
629 1797 80 23 near
735 1787 74 33 that
838 1786 63 34 had
936 1786 83 34 been
1044 1785 84 36 fixed
1155 1784 50 36 for
1229 1783 87 37 their

325 1844 114 27 return
464 1844 34 27 to
523 1839 163 33 America.
735 1839 67 32 But
827 1838 261 33 circumstances
1110 1845 86 26 were
1219 1835 93 36 such,

325 1891 180 42 especially
529 1890 56 42 the
610 1890 114 43 health
749 1889 33 44 of
804 1889 95 44 those
924 1888 73 45 who
1025 1886 64 47 had
1113 1886 57 47 the
1195 1884 118 48 charge

325 1944 34 31 of
379 1944 57 31 the
456 1942 101 38 work,
575 1942 74 38 that
675 1953 18 27 a
718 1942 114 38 longer
856 1944 74 36 stay
948 1938 82 42 than
1048 1947 67 33 was
1140 1935 174 45 originally

326 1994 162 43 proposed
504 2004 69 33 was
590 1992 261 45 impracticable.
