1725 2400
610 340 86 25 THE
714 341 126 24 FIRST
857 341 193 26 CONCERT.
1294 348 29 26 19

327 426 234 41 perience—to
579 426 101 40 break
696 426 107 40 down.
846 427 30 39 It
900 437 67 30 was
994 426 109 41 owing
1120 430 57 36 not
1194 437 18 30 a
1230 427 84 39 little

326 483 33 25 to
387 478 87 30 their
501 477 209 39 triumphant
740 489 133 28 success
898 489 36 28 as
959 478 138 39 singers,
1116 479 64 39 and
1205 482 32 36 to
1262 477 56 40 the

324 534 92 36 story
441 531 36 39 of
497 530 57 40 the
580 530 244 40 distinguished
847 529 183 41 attentions
1056 529 80 41 they
1167 528 148 42 received

323 582 83 30 from
424 582 57 30 the
499 582 117 40 people
642 581 35 41 of
700 582 133 40 highest
850 582 82 39 rank
955 582 63 40 and
1036 581 127 41 culture
1182 580 78 42 both
1279 581 32 41 in

321 632 155 30 America
489 633 65 30 and
570 633 102 30 Great
686 632 141 37 Britain,
843 633 72 36 that
933 633 56 36 the
1002 631 166 41 prejudice
1182 632 131 40 against

320 685 124 36 colour,
464 684 57 36 the
539 684 127 37 hateful
684 684 149 39 heritage
849 684 34 39 of
904 684 139 40 slavery,
1063 684 108 40 which
1188 695 67 29 was
1275 694 35 30 so

318 735 172 40 prevalent
523 735 66 40 and
621 735 157 40 powerful
807 745 36 30 as
876 738 33 36 to
942 735 96 39 make
1068 735 95 40 those
1188 735 122 40 insults

317 795 156 21 common
499 786 33 30 in
561 786 87 30 their
672 786 72 30 first
768 786 108 39 year's
903 786 99 39 work,
1027 795 68 30 was
1122 795 35 30 so
1185 785 121 40 broken

316 837 96 30 down
443 837 75 30 that
549 837 81 39 they
660 847 85 29 were
778 837 89 39 quite
908 837 198 39 unfrequent
1146 837 32 40 in
1218 837 88 40 their

315 888 123 30 travels
462 888 93 30 three
578 898 96 29 years
699 888 204 39 afterwards.
953 888 120 39 People
1098 888 83 39 who.
1197 888 106 39 would

313 942 58 27 not
398 939 42 30 sit
466 938 33 31 in
527 939 57 30 the
614 948 90 21 same
731 939 214 39 church-pew
969 949 36 29 as
1029 948 19 30 a
1071 948 111 30 negro,
1202 939 103 39 under

312 989 57 30 the
387 990 108 39 magic
522 990 35 39 of
578 990 87 39 their
687 1000 83 29 song
793 1001 84 28 were
900 990 72 39 able
995 993 33 36 to
1050 993 55 36 get
1128 1000 72 29 new
1219 990 83 39 light

312 1050 42 21 on
372 1041 172 39 questions
563 1040 35 40 of
611 1040 103 40 social
732 1041 159 40 equality.

356 1091 190 40 Returning
573 1095 33 36 to
637 1091 190 40 Cincinnati
855 1096 35 35 to
915 1092 47 39 fill
990 1095 237 36 engagements
1251 1092 49 39 for

308 1140 57 30 the
384 1140 162 37 Sabbath,
564 1140 79 39 they
660 1140 100 39 found
779 1151 18 29 a
810 1141 99 39 dense
924 1140 158 39 audience
1095 1140 157 39 gathered
1264 1145 33 35 at

309 1191 63 30 Mr.
392 1191 141 30 Moore's
551 1191 136 37 church,
706 1191 33 37 in
757 1191 84 40 spite
860 1191 34 40 of
906 1191 95 40 rainy
1018 1191 63 40 and
1099 1191 196 40 unpleasant

305 1241 156 30 weather.
489 1242 31 30 It
532 1251 67 21 was
611 1240 107 41 hoped
732 1242 72 39 that
818 1242 57 39 the
889 1242 186 39 increasing
1088 1241 206 40 enthusiasm

304 1292 198 30 manifested
530 1291 33 31 in
591 1292 196 30 connection
811 1292 81 30 with
909 1292 93 30 these
1019 1292 108 39 praise
1152 1292 141 39 services

301 1344 110 30 would
438 1343 113 30 insure
576 1353 19 20 a
618 1344 86 39 good
727 1343 159 39 audience
913 1347 34 35 at
975 1343 57 39 the
1057 1343 75 39 paid
1160 1348 131 34 concert

300 1393 108 31 which
441 1393 66 31 had
539 1393 82 31 been
654 1393 179 40 appointed
875 1398 33 36 at
951 1394 129 39 Mozart
1125 1394 80 39 Hall
1243 1394 48 39 for

300 1444 158 41 Tuesday
489 1444 160 41 evening;
690 1445 49 40 for
771 1444 90 41 hotel
896 1445 64 40 and
999 1444 177 41 travelling
1215 1445 73 40 bills

296 1507 84 21 were
414 1496 135 40 already
580 1496 174 40 assuming
786 1496 127 40 serious
944 1496 219 40 proportions.
1221 1497 66 39 But

294 1548 57 30 the
383 1548 143 39 receipts
558 1557 86 30 were
676 1547 112 40 barely
821 1547 165 40 sufficient
1018 1551 34 36 to
1085 1547 111 40 defray
1229 1548 57 39 the

294 1598 84 30 local
398 1607 159 30 expenses
575 1597 36 39 of
624 1598 56 39 the
699 1601 142 36 concert.

336 1650 176 36 However,
531 1647 25 39 it
585 1658 69 28 was
676 1652 57 34 not
756 1648 189 39 altogether
961 1648 63 39 lost
1043 1648 124 39 labour.
1217 1650 20 38 "
1251 1650 30 37 It

291 1699 103 38 was,"
427 1699 70 38 said
525 1709 62 28 one
614 1699 35 38 of
676 1699 56 38 the
758 1699 126 38 dailies,
915 1700 19 37 "
948 1700 159 39 probably
1129 1699 56 40 the
1209 1701 70 38 first

291 1753 134 28 concert
456 1760 77 21 ever
563 1749 97 40 given
694 1750 42 39 by
766 1761 19 28 a
819 1751 155 39 coloured
1006 1755 115 36 troupe
1155 1750 32 40 in
1213 1752 66 39 this

288 1802 135 39 temple,
443 1800 108 41 which
576 1801 62 40 has
660 1802 184 39 resounded
871 1802 80 39 with
972 1802 57 39 the
1051 1806 94 35 notes
1167 1802 34 39 of
1221 1803 55 39 the

287 1853 72 30 best
385 1853 161 30 vocalists
576 1853 34 30 of
634 1853 56 30 the
720 1854 87 30 land.
856 1852 72 32 The
963 1857 180 27 sweetness
1166 1852 34 32 of
1220 1854 55 30 the

283 1903 123 38 voices,
440 1905 57 36 the
530 1915 163 29 accuracy
732 1905 34 39 of
801 1905 57 39 the
899 1904 183 40 execution,
1116 1903 64 41 and
1218 1904 56 40 the

283 1955 165 39 precision
466 1955 36 39 of
521 1955 57 39 the
599 1956 93 38 time,
711 1955 125 39 carried
861 1955 56 39 the
943 1955 90 39 mind
1056 1954 82 39 back
1161 1958 33 36 to
1216 1954 55 39 the

280 2005 94 39 early
390 2010 151 35 concerts
560 2006 34 39 of
615 2007 57 38 the
693 2006 246 39 Hutchinsons,
959 2006 56 39 the
1034 2005 153 39 Gibsons,
1207 2005 63 39 and
