1738 2409
1281 358 33 33 65

636 787 224 33 CHAPTER
892 790 100 31 VIII.

469 879 20 23 a
514 880 89 23 busy
626 881 155 30 winter,
806 882 71 29 and
903 884 54 27 its
982 885 168 27 results.

318 954 81 33 The
419 955 134 42 Singers
570 957 66 39 had
654 963 94 36 spent
762 970 76 29 over
849 960 93 39 three
960 963 134 36 months
1109 963 32 36 in
1155 963 150 39 London,

318 1007 65 30 and
415 1014 252 33 arrangements
699 1021 85 26 were
816 1021 74 26 now
921 1013 96 34 made
1049 1014 48 33 for
1128 1025 18 22 a
1172 1018 75 29 tour
1274 1015 32 32 in

319 1058 172 39 Scotland,
509 1059 81 38 with
608 1071 19 26 a
642 1060 78 36 visit
738 1065 33 31 to
789 1071 18 25 a
822 1062 62 35 few
900 1062 36 34 of
953 1063 56 33 the
1026 1064 108 39 larger
1150 1065 93 38 cities
1265 1077 40 27 on

318 1109 56 30 the
392 1119 83 30 way.

362 1161 95 36 Hull,
475 1160 57 37 the
549 1161 185 41 birthplace
759 1163 34 39 of
814 1163 228 40 Wilberforce,
1061 1176 68 27 was
1153 1167 150 37 reached,

317 1211 42 40 by
376 1222 19 29 a
411 1212 153 39 pleasant
582 1212 221 39 coincidence,
822 1224 42 27 on
881 1215 55 36 the
954 1216 70 35 first
1043 1217 34 34 of
1091 1217 140 39 August,
1248 1218 57 38 the

317 1260 215 41 anniversary
549 1261 34 40 of
605 1263 245 40 emancipation
873 1263 32 39 in
922 1264 56 39 the
999 1265 126 38 British
1148 1266 156 36 colonies.

318 1311 90 30 Here
426 1311 24 30 it
468 1323 69 20 was
554 1312 135 31 decided
711 1317 34 27 to
770 1318 52 36 try
838 1314 57 40 the
918 1315 78 39 plan
1020 1317 142 39 adopted
1188 1322 33 34 at
1246 1318 59 38 Dr.

316 1363 127 30 Allon's
468 1362 117 40 chapel
607 1364 33 39 in
668 1364 174 40 Islington,
870 1366 64 38 and
957 1367 66 37 find
1051 1367 73 37 how
1149 1368 24 36 it
1197 1370 108 34 would

314 1413 91 30 work
423 1413 33 30 in
473 1414 57 30 the
547 1415 185 39 provinces.
781 1416 129 38 Fifteen
936 1416 149 37 hundred
1110 1418 193 36 invitations

315 1466 34 27 to
367 1473 19 20 a
414 1466 133 27 concert
576 1462 33 31 in
630 1464 57 30 the
712 1464 97 40 Hope
839 1464 108 39 Street
974 1466 126 39 Chapel
1122 1477 84 28 were
1233 1472 72 33 sent

315 1517 57 27 out
390 1517 33 27 to
441 1512 96 31 those
557 1518 87 26 most
671 1514 99 40 likely
786 1518 33 36 to
847 1515 37 39 be
909 1515 189 39 interested.
1144 1516 71 38 The
1241 1518 63 36 col¬

315 1564 135 36 lection,
463 1563 110 37 which
592 1565 132 36 seemed
744 1576 18 24 a
777 1575 78 29 very
870 1566 88 39 large
976 1576 60 29 one
1061 1570 33 35 to
1111 1567 56 38 the
1184 1566 122 39 friends

314 1615 75 30 who
414 1615 66 30 had
504 1615 123 39 charge
651 1615 34 39 of
706 1615 55 39 the
786 1621 261 35 arrangements,
1067 1620 179 36 amounted
1269 1623 34 33 to

315 1666 101 30 about
449 1666 80 40 £52.
578 1666 112 40 When
715 1666 24 40 it
762 1677 69 30 was
856 1667 173 41 explained
1053 1668 74 40 that
1158 1673 57 35 not
1239 1669 64 39 less

315 1716 84 31 than
417 1717 90 39 £100
525 1716 103 41 ought
645 1721 34 36 to
703 1716 39 40 be
766 1717 140 39 realised
927 1719 83 38 from
1031 1719 81 37 each
1137 1720 168 41 evening's

315 1765 101 37 work,
436 1764 25 38 if
483 1765 56 37 the
567 1765 138 37 mission
729 1770 31 33 to
789 1767 101 36 Great
918 1767 128 35 Britain
1070 1779 67 24 was
1163 1773 34 30 to
1224 1770 37 33 be
1287 1781 18 21 a

315 1826 145 27 success,
481 1827 90 26 some
589 1816 33 36 of
636 1816 57 36 the
709 1818 84 39 good
810 1817 123 40 friends
951 1818 139 39 insisted
1107 1830 41 27 on
1161 1820 144 37 another

314 1868 88 37 trial,
421 1867 81 38 with
520 1878 42 27 an
579 1867 259 38 admission-fee.
886 1869 112 36 When
1020 1869 57 36 the
1101 1870 79 35 time
1199 1881 104 28 came,

316 1918 177 40 Hengler's
513 1917 132 42 Cirque,
665 1918 32 40 in
716 1920 84 39 spite
818 1920 33 39 of
873 1930 18 29 a
909 1919 94 42 rainy
1019 1920 150 41 evening,
1188 1920 64 40 and
1269 1926 33 35 to

312 1971 58 30 the
388 1970 127 40 delight
533 1970 35 40 of
582 1970 55 40 all,
651 1980 69 30 was
734 1970 162 40 crowded,
912 1971 63 39 and
992 1971 57 39 the
1066 1971 140 40 receipts
1219 1981 84 30 were

313 2022 103 43 £140.

790 2071 20 29 6
