1725 2400
460 445 93 39 polis,
573 447 63 37 and
660 445 55 39 the
740 449 93 35 great
855 444 67 39 hall
945 454 69 30 was
1036 443 88 41 filled
1143 441 81 42 with
1242 453 18 31 a
1278 440 167 44 delighted

460 497 156 30 audience
642 496 32 30 in
696 495 109 31 which
828 495 57 31 the
909 494 68 33 elite
998 493 35 33 of
1056 493 56 33 the
1138 492 68 42 city
1227 501 69 32 was
1320 491 126 42 largely

461 547 219 38 represented.
709 546 102 39 Many
822 548 87 37 went
927 554 93 31 away
1033 543 118 42 unable
1166 546 33 39 to
1214 540 112 45 obtain
1344 544 101 41 seats.

503 597 51 38 By
568 597 67 39 this
648 597 80 39 time
746 595 55 40 the
826 594 151 42 business
1002 593 152 42 methods
1173 592 63 43 and
1255 591 192 45 machinery

460 645 33 30 of
508 648 131 26 concert
655 643 90 31 work
761 643 65 31 had
844 644 81 30 been
942 642 202 39 thoroughly
1158 640 176 41 perfected.
1383 640 61 41 Mr.

463 695 79 30 Pike
561 705 68 20 was
645 693 141 31 relieved
811 693 84 31 from
918 693 57 31 the
1001 692 109 33 duties
1135 692 35 33 of
1191 691 51 33 his
1267 695 178 35 secretary¬

462 745 72 39 ship
565 749 34 36 to
627 744 153 40 continue
807 744 33 40 in
868 744 66 40 this
960 744 124 41 labour,
1103 743 48 42 for
1179 742 108 42 which
1315 742 41 42 he
1383 741 64 43 had

462 796 112 30 shown
593 797 80 30 such
691 795 123 39 special
839 795 116 39 talent,
975 795 63 39 and
1055 794 108 41 which
1180 804 69 30 was
1266 797 33 38 to
1317 803 68 32 owe
1412 803 35 32 so

462 848 97 30 much
578 848 33 30 of
633 848 42 30 its
693 847 201 39 subsequent
921 856 133 30 success
1078 849 33 36 to
1136 845 51 41 his
1212 844 150 42 sagacity
1383 843 65 42 and

462 899 163 39 energetic
643 897 152 40 business
820 897 280 41 administration.
1146 896 109 42 There
1272 906 69 32 was
1366 894 83 43 need

462 950 72 30 that
569 949 82 31 Miss
684 949 107 31 Wells
822 948 117 32 should
972 952 111 28 return
1118 951 33 30 to
1184 946 58 34 her
1273 945 113 35 school
1416 945 32 35 in

463 1000 159 30 Alabama
637 1011 7 25 ;
664 999 63 37 and
747 999 82 38 Miss
849 1000 108 36 Susan
977 999 138 38 Gilbert,
1128 997 75 39 who
1221 996 65 40 had
1302 996 82 40 been
1401 996 48 41 for

463 1062 90 20 some
570 1061 94 30 years
681 1050 31 41 in
730 1050 57 41 the
805 1049 123 42 service
943 1048 34 42 of
991 1048 55 42 the
1065 1047 210 44 Association
1294 1047 32 44 in
1341 1047 108 44 North

465 1101 165 38 Carolina,
649 1101 64 39 and
730 1100 192 39 afterwards
948 1103 33 36 at
998 1098 44 41 its
1058 1098 98 41 home
1174 1098 102 42 office,
1296 1097 78 42 took
1391 1097 59 42 her

463 1153 105 39 place.

501 1206 73 31 The
592 1206 135 40 Singers
744 1210 33 36 at
801 1205 64 41 last
890 1203 65 42 had
972 1203 56 43 the
1058 1201 68 45 tide
1157 1200 33 45 in
1216 1200 87 46 their
1326 1200 125 45 favour.

462 1257 95 40 They
584 1266 84 30 were
697 1266 74 31 now
798 1266 37 31 so
861 1254 73 42 well
960 1254 118 43 known
1106 1252 74 45 that
1206 1251 79 45 they
1314 1251 54 45 did
1395 1256 57 41 not

465 1308 81 30 need
573 1311 34 27 to
641 1307 74 39 sing
741 1311 34 36 to
807 1305 174 42 half-filled
1008 1304 86 42 halls
1126 1303 84 43 until
1243 1302 81 44 they
1356 1303 96 43 could

465 1359 96 30 make
585 1368 19 21 a
627 1356 200 41 reputation.
872 1355 103 42 Their
999 1365 100 32 songs
1122 1365 84 32 were
1233 1353 135 44 unique,
1389 1354 64 43 and

465 1409 115 41 people
604 1409 54 41 did
682 1412 57 38 not
760 1407 60 42 tire
849 1407 34 43 of
906 1407 138 43 hearing
1067 1405 93 45 them
1185 1416 77 33 over
1285 1405 66 45 and
1377 1416 77 34 over

465 1461 109 39 again.
620 1459 138 42 Thanks
783 1464 36 37 to
847 1459 63 42 Mr.
928 1458 145 43 White's
1098 1457 144 44 unusual
1267 1455 87 45 skill,
1372 1456 81 45 both

466 1513 33 29 in
517 1511 160 39 choosing
699 1510 110 40 voices
830 1510 63 40 and
916 1509 135 42 drilling
1074 1508 105 42 them,
1197 1506 87 44 their
1308 1506 144 44 singing,

466 1572 36 20 as
520 1561 43 30 all
580 1560 56 31 the
654 1560 111 32 critics
782 1558 129 41 agreed,
929 1568 69 31 was
1016 1556 189 43 something
1221 1556 183 43 wonderful
1421 1556 33 43 in

466 1613 43 30 its
526 1611 172 40 harmony,
717 1621 119 30 power,
855 1609 64 42 and
936 1608 147 43 bell-like
1103 1612 192 39 sweetness.

510 1662 103 30 Their
640 1662 128 40 history
789 1672 36 30 as
847 1659 232 43 emancipated
1103 1659 108 43 slaves
1228 1659 145 44 touched
1396 1659 58 44 the

468 1714 137 30 interest
638 1713 64 30 and
735 1712 179 41 sympathy
945 1712 33 41 of
1001 1712 57 41 the
1090 1710 122 42 public,
1239 1710 218 42 particularly

468 1764 73 30 that
573 1767 72 36 part
672 1763 34 39 of
729 1763 24 39 it
781 1762 111 40 which
924 1762 66 40 had
1023 1762 82 40 been
1138 1761 180 41 interested
1343 1761 33 41 in
1401 1762 57 40 the

468 1818 93 35 great
593 1813 215 39 anti-slavery
840 1812 159 40 struggle.
1052 1812 73 40 And
1157 1813 75 39 last,
1266 1812 58 40 but
1349 1813 43 40 by
1416 1824 42 30 no

470 1875 116 21 means
612 1865 84 30 least
724 1863 33 32 in
786 1863 201 39 accounting
1013 1863 50 39 for
1086 1863 88 39 their
1206 1874 147 27 success,
1379 1864 81 39 they

469 1915 170 31 furnished
666 1926 18 21 a
715 1914 123 33 refined
867 1913 64 33 and
954 1912 201 34 wholesome
1184 1914 273 38 entertainment,

470 1966 108 31 which
607 1964 168 33 Christian
804 1964 116 39 people
946 1962 74 41 who
1050 1962 54 41 did
1134 1968 58 36 not
1220 1974 75 30 care
1322 1968 33 35 to
1381 1965 78 39 visit

470 2015 57 31 the
543 2015 128 31 theatre
690 2013 63 33 and
777 2012 135 34 kindred
930 2012 111 39 places
1071 2012 34 39 of
1126 2016 209 35 amusement
1360 2015 97 36 could
