1725 2400
1292 341 33 33 6g

332 430 53 28 sat
411 426 58 32 the
501 426 217 41 magistrates
744 427 64 40 and
834 426 133 41 leading
990 426 189 41 clergymen
1212 426 35 41 of
1267 426 56 41 the

332 478 78 41 city.
457 478 72 41 The
554 479 135 40 Singers
707 489 84 30 were
810 489 97 30 eager
927 482 33 37 to
987 477 39 42 do
1048 477 86 42 their
1158 477 82 42 best,
1260 478 63 41 and

330 531 57 30 the
417 530 89 31 Lord
529 531 139 30 Provost
694 529 33 32 in
754 530 51 31 his
838 529 128 40 closing
993 529 147 40 remarks
1172 528 150 41 declared

331 582 74 30 that
423 582 41 30 he
484 582 21 30 "
519 592 99 21 never
636 582 159 31 attended
813 592 18 21 a
846 591 89 21 more
950 581 174 39 delightful
1143 580 179 40 meeting."

374 633 105 31 Their
495 633 170 40 reception
683 636 33 36 at
743 632 198 41 Edinburgh
965 642 69 30 was
1059 632 132 41 equally
1207 632 116 41 hearty

330 684 65 30 and
413 684 175 40 inspiring.
636 683 72 41 The
726 684 197 40 authorities
947 694 84 30 gave
1047 684 91 40 them
1157 695 19 29 a
1192 688 75 36 vote
1291 684 34 40 of

328 735 171 30 welcome.
546 734 73 32 The
638 735 89 31 Lord
754 735 138 30 Provost
917 735 150 40 presided
1091 738 34 36 at
1149 735 85 40 their
1251 735 70 39 first

328 790 145 33 concert,
493 786 64 38 and
576 786 194 38 afterwards
787 795 82 30 gave
890 796 18 29 a
926 786 116 39 dinner
1062 790 96 36 party
1180 786 33 40 in
1236 786 86 39 their

328 837 129 30 honour
479 841 33 26 at
540 836 51 31 his
618 847 72 20 own
719 837 182 31 residence.
948 837 42 30 At
1024 837 132 41 Paisley
1184 848 18 30 a
1234 842 86 36 most

328 888 126 40 helpful
478 888 105 40 friend
607 899 69 30 was
700 888 102 41 found
827 888 33 40 in
881 888 52 40 Sir
957 889 97 39 Peter
1078 889 111 39 Coats,
1208 889 112 39 whose

328 950 99 20 name
444 950 36 21 as
498 951 18 20 a
534 939 118 31 thread
675 939 247 31 manufacturer
946 939 28 31 is
996 951 18 21 a
1032 939 183 32 household
1232 941 88 30 word

328 992 206 38 throughout
552 992 57 38 the
623 991 114 39 world,
750 992 57 38 but
822 991 112 39 whose
948 991 134 39 highest
1094 991 107 39 praise
1212 991 108 39 where

328 1042 41 30 he
384 1042 27 30 is
428 1043 190 39 personally
632 1042 120 40 known
770 1042 27 40 is
815 1042 51 40 his
885 1042 170 40 Christian
1071 1042 246 40 philanthropy.

330 1095 54 29 He
402 1095 207 30 entertained
626 1095 56 30 the
701 1094 135 39 Singers
861 1098 33 36 at
919 1094 51 39 his
995 1098 138 36 country
1150 1093 102 41 house
1277 1105 41 29 on

327 1144 57 31 the
417 1145 105 30 banks
547 1145 35 30 of
602 1146 57 30 the
690 1146 18 30 "
723 1145 109 39 bonny
858 1145 129 39 Doon,"
1014 1145 123 39 piloted
1160 1145 91 39 them
1276 1155 41 29 on

327 1196 95 30 visits
438 1200 34 27 to
494 1196 56 31 the
576 1207 100 30 many
692 1197 112 40 places
831 1196 34 41 of
888 1195 135 42 historic
1049 1196 63 41 and
1139 1196 105 41 poetic
1271 1196 45 41 in¬

326 1251 102 27 terest
461 1248 33 30 in
519 1247 74 30 that
624 1248 147 39 vicinity,
802 1247 156 40 attended
987 1247 188 40 personally
1203 1251 33 36 to
1260 1247 56 40 the

326 1298 215 41 preliminary
564 1302 251 37 arrangements
840 1298 49 41 for
912 1298 63 41 and
999 1297 150 42 presided
1173 1302 33 37 at
1231 1297 86 42 their

325 1353 144 27 concert.
532 1350 42 30 At
609 1349 226 38 Kilmarnock,
869 1350 77 40 Ayr,
986 1349 181 41 Aberdeen,
1202 1349 111 41 Perth,

326 1401 152 37 Dundee,
505 1401 65 38 and
595 1401 95 38 other
711 1405 118 33 towns,
849 1405 151 33 concerts
1018 1411 84 27 were
1126 1400 96 40 given
1241 1400 73 40 that

323 1462 84 21 were
441 1463 18 20 a
492 1452 102 31 series
626 1452 34 31 of
687 1452 177 39 triumphs.
915 1452 103 39 Many
1047 1455 151 36 presents
1230 1462 83 30 were

322 1503 96 30 made
447 1503 32 30 in
507 1513 121 30 money
646 1503 64 41 and
737 1503 102 41 books
867 1503 48 41 for
939 1503 56 41 the
1021 1502 202 42 University,
1248 1503 63 41 and

321 1555 56 30 the
396 1554 117 40 people
531 1554 209 40 everywhere
756 1554 74 40 vied
849 1554 79 41 with
946 1554 81 41 each
1045 1554 95 40 other
1157 1554 32 41 in
1207 1554 104 41 show¬

322 1606 56 39 ing
396 1617 18 28 a
432 1609 87 36 most
536 1605 153 39 gracious
706 1605 206 40 hospitality.

366 1657 100 29 From
483 1656 57 30 the
557 1656 73 30 first
648 1656 57 30 the
726 1656 127 42 Jubilee
872 1656 105 42 music
996 1667 66 30 was
1081 1666 87 31 more
1187 1667 36 30 or
1245 1656 64 41 less

321 1707 35 30 of
369 1717 18 20 a
405 1707 117 39 puzzle
539 1710 33 36 to
590 1707 57 39 the
665 1706 110 40 critics
787 1717 7 29 ;
821 1707 63 39 and
903 1716 79 30 even
997 1717 121 29 among
1130 1707 93 39 those
1236 1707 74 39 who

321 1757 230 41 sympathised
569 1757 80 41 with
676 1757 86 41 their
789 1757 136 41 mission
951 1758 93 40 there
1061 1769 68 29 was
1154 1770 41 28 no
1224 1758 84 39 little

320 1809 175 30 difference
513 1809 35 30 of
566 1809 135 39 opinion
718 1820 36 28 as
770 1812 34 36 to
822 1809 56 39 the
900 1809 127 39 artistic
1053 1809 95 39 merit
1167 1810 34 38 of
1223 1810 86 38 their

319 1860 291 31 entertainments.
675 1860 98 30 Some
805 1861 96 30 could
930 1864 57 27 not
1020 1860 203 31 understand
1251 1860 55 32 the

318 1922 118 20 reason
460 1911 49 30 for
532 1911 156 41 enjoying
714 1923 36 30 so
773 1912 201 40 thoroughly
1005 1923 36 30 as
1066 1912 119 40 almost
1210 1922 96 30 every

317 1973 62 20 one
408 1962 54 30 did
494 1963 94 30 these
621 1963 128 39 simple,
782 1962 243 40 unpretending
1056 1972 109 30 songs.
1222 1961 82 42 This

317 2013 159 32 criticism
495 2014 51 30 led
564 2019 33 26 to
615 2014 55 30 the
688 2013 215 41 publication,
920 2013 41 41 by
979 2013 62 41 Mr.
1058 2013 94 42 Colin
1172 2013 130 41 Brown,
