1725 2400
450 345 33 27 54

701 339 83 25 THE
803 337 180 35 JUBILEE
1002 336 186 36 SINGERS.

451 423 135 31 humble
612 423 150 30 students
786 421 132 33 learned
943 421 33 33 in
1000 420 85 33 their
1109 421 89 33 slave
1224 421 125 36 cabins,
1371 419 65 38 and

450 474 73 30 that
552 478 57 26 not
633 474 122 39 merely
771 474 48 39 for
843 473 58 40 her
926 483 72 30 own
1024 471 268 42 entertainment,
1318 471 59 42 but
1401 474 34 39 to

450 534 183 29 encourage
652 524 91 39 them
761 523 33 40 in
810 522 87 41 their
914 523 111 40 efforts
1047 525 33 38 to
1099 522 48 42 lift
1166 532 42 31 up
1226 520 87 43 their
1329 521 109 42 fellow

450 575 88 30 freed
563 575 125 39 people,
706 585 69 29 was
791 573 129 41 worthy
942 584 18 30 a
984 573 93 40 place
1102 573 33 41 in
1160 572 137 42 history.
1346 571 90 42 Such

452 636 41 21 an
511 636 195 21 occurrence
725 624 110 33 marks
852 624 249 40 unmistakably
1119 624 56 40 the
1193 633 152 30 progress
1362 622 74 42 that

453 676 219 40 Christianity
689 675 60 41 has
772 675 96 41 made
892 675 33 41 in
949 675 168 42 renewing
1140 684 59 32 our
1215 674 113 42 world,
1347 673 90 43 since

451 728 56 30 the
530 732 57 27 not
610 738 78 30 very
712 726 124 42 distant
861 726 63 42 day
947 726 96 42 when
1067 726 129 42 royalty
1219 726 108 42 would
1352 725 84 43 have

452 779 99 30 taken
567 789 41 20 no
627 779 136 30 interest
773 778 169 31 whatever
957 777 33 32 in
1009 777 81 33 such
1109 788 18 21 a
1146 777 126 40 people.
1319 777 74 40 And
1412 775 24 42 it

452 831 123 30 throws
593 841 18 19 a
627 829 159 31 beautiful
804 829 83 39 light
905 840 41 29 on
963 828 56 40 the
1037 828 171 40 character
1219 828 34 40 of
1266 828 57 41 the
1341 828 97 41 noble

453 892 129 19 woman
599 881 74 30 who
697 880 27 31 is
749 880 200 39 universally
972 880 94 39 loved
1091 879 64 40 and
1179 879 196 41 reverenced
1400 889 37 30 as

453 943 42 19 no
513 933 87 30 ruler
615 942 68 20 was
699 942 75 21 ever
789 931 93 31 loved
900 931 42 39 by
960 942 64 29 any
1041 931 115 39 people
1173 930 120 40 before.

498 983 104 31 Other
632 981 220 40 hospitalities
880 981 96 40 made
1001 981 56 40 the
1081 985 77 36 next
1183 981 92 40 three
1304 980 136 42 months

456 1034 33 30 of
516 1033 85 31 their
625 1037 72 36 stay
722 1033 32 40 in
778 1032 138 41 London
942 1032 211 41 memorable.
1203 1032 165 42 Probably
1398 1042 42 31 no

456 1085 126 39 private
606 1088 94 36 party
717 1083 34 41 of
771 1083 192 42 Americans
987 1094 69 30 was
1079 1094 75 30 ever
1177 1083 108 41 before
1310 1083 129 41 treated

456 1136 78 30 with
552 1135 81 30 such
651 1134 243 40 distinguished
918 1134 175 39 attention.
1143 1134 30 39 It
1190 1145 68 29 was
1283 1138 57 36 not
1366 1145 73 29 pos¬

457 1187 80 30 sible
553 1186 48 31 for
618 1186 90 31 them
725 1189 33 28 to
776 1188 114 36 accept
909 1185 42 39 all
969 1185 34 39 of
1024 1185 56 39 the
1098 1185 195 39 invitations
1317 1185 34 39 of
1372 1185 68 39 this

456 1242 115 26 nature
585 1236 107 31 which
710 1236 78 39 they
801 1235 158 40 received.
1008 1236 111 39 While
1133 1239 33 36 at
1184 1236 113 39 Argyll
1313 1236 126 39 Lodge,

459 1289 93 29 Dean
577 1287 135 39 Stanley
729 1286 123 40 invited
877 1286 90 40 them
993 1290 32 36 to
1044 1286 76 40 visit
1144 1287 56 39 the
1227 1287 156 39 Deanery
1407 1290 34 36 at

458 1338 236 32 Westminster
710 1337 123 39 Abbey,
852 1347 18 29 a
896 1337 150 39 pleasure
1063 1337 108 39 which
1200 1338 77 39 they
1302 1337 139 40 realised

458 1400 18 19 a
492 1389 60 30 few
569 1389 80 39 days
666 1388 92 41 after.

499 1440 50 30 An
567 1440 168 30 afternoon
752 1449 68 21 was
837 1442 94 36 spent
957 1442 33 36 at
1014 1439 57 39 the
1095 1438 174 40 delightful
1286 1439 98 39 home
1409 1440 34 39 of

459 1491 134 30 Samuel
612 1491 144 39 Gurney,
774 1489 56 41 the
848 1489 242 41 distinguished
1108 1491 133 39 Quaker
1266 1491 174 39 abolition¬

459 1542 51 37 ist,
529 1551 78 28 near
624 1540 156 40 Regent's
800 1540 96 40 Park,
916 1540 210 40 introducing
1143 1541 56 39 the
1218 1541 135 40 Singers
1372 1545 33 36 to
1424 1552 19 29 a

459 1593 87 39 large
573 1596 95 36 party
695 1591 74 41 who
796 1602 84 30 were
907 1591 138 41 Friends
1071 1591 33 41 in
1128 1592 93 40 truth
1250 1603 36 29 as
1305 1593 75 39 well
1407 1602 36 30 as

459 1653 107 20 name.
612 1642 50 31 To
688 1653 42 21 no
756 1652 61 21 one
845 1641 54 32 did
926 1642 56 31 the
1010 1641 136 32 mission
1167 1643 33 30 of
1224 1643 57 31 the
1308 1644 136 40 Singers

460 1704 96 20 mean
573 1703 88 21 more
679 1692 78 31 than
777 1696 33 27 to
827 1692 56 31 the
900 1693 96 30 noble
1022 1693 96 30 circle
1135 1693 34 30 of
1191 1694 161 40 Quakers,
1370 1695 75 39 who

460 1742 63 30 had
541 1742 42 30 all
601 1741 85 31 their
702 1742 81 30 lives
802 1742 77 39 long
900 1742 81 39 been
1008 1742 81 39 such
1108 1743 140 38 devoted
1264 1743 124 38 friends
1413 1743 35 37 of

460 1793 55 30 the
534 1791 186 40 oppressed.

505 1844 61 30 Mr.
581 1843 126 39 George
722 1842 222 39 MacDonald,
958 1842 57 39 the
1029 1843 243 40 distinguished
1290 1845 155 39 novelist,

461 1905 81 30 gave
573 1893 92 41 them
696 1904 18 30 a
747 1893 156 41 welcome
935 1893 177 41 invitation
1144 1899 34 36 to
1204 1896 53 39 his
1284 1896 162 38 beautiful

462 1947 97 30 home
576 1955 41 21 on
633 1944 57 32 the
714 1944 105 32 banks
843 1944 35 33 of
897 1944 56 33 the
977 1943 159 40 Thames,
1156 1956 41 27 on
1215 1947 57 36 the
1290 1947 156 36 occasion

462 1997 34 31 of
520 2006 61 22 one
609 1995 34 33 of
666 1995 51 33 his
742 1995 122 33 annual
888 1995 123 40 garden
1035 1995 203 41 parties—a
1263 1997 184 41 Scriptural
