1725 2399
551 337 230 35 BENJAMIN
801 338 44 34 W.
869 334 180 38 THOMAS.

308 424 72 32 into
409 426 60 30 the
501 424 167 32 Southern
702 434 95 30 army
828 432 36 32 as
895 433 21 31 a
945 420 145 45 captain,
1123 420 65 45 and
1222 417 79 48 took

309 476 162 38 Thomas,
489 477 81 37 then
588 486 19 27 a
624 475 65 40 boy
704 474 33 41 in
755 474 51 41 his
822 477 105 38 teens,
946 477 34 39 to
997 471 78 45 wait
1093 481 87 34 upon
1198 470 81 45 him.

356 530 54 28 He
435 528 150 30 followed
608 526 57 32 the
690 526 149 32 fortunes
863 525 34 33 of
921 524 51 34 his
994 532 111 26 owner
1125 522 48 36 for
1191 532 76 26 over
1283 532 18 26 a

310 591 90 30 year,
417 580 60 40 but
495 590 42 30 on
552 579 57 42 the
627 582 123 39 retreat
773 577 36 43 of
828 576 56 44 the
901 575 87 45 rebel
1006 585 94 36 army
1117 573 84 48 after
1216 573 87 48 their

312 631 109 30 defeat
446 634 33 27 at
504 630 183 36 Antietam,
706 627 181 39 concluded
907 630 34 36 to
966 630 53 36 try
1035 625 54 42 life
1107 636 36 31 as
1159 624 52 42 his
1229 635 72 32 own

312 686 136 27 master.
497 680 153 41 Slipping
666 681 69 40 into
753 680 57 41 the
829 678 111 42 Union
963 677 93 44 lines,
1074 676 41 45 he
1133 675 92 45 hired
1246 678 56 42 out

313 745 36 19 as
381 744 42 20 an
455 732 140 32 officer's
626 735 143 33 servant,
802 734 34 34 at
867 730 72 38 first
968 729 131 40 getting
1122 728 60 41 but
1209 726 44 43 $7
1284 738 19 31 a

313 785 129 31 month.
492 785 67 31 But
585 794 42 22 on
648 787 66 29 two
732 792 36 24 or
783 782 93 34 three
894 780 172 36 occasions
1083 780 41 36 he
1141 779 163 39 narrowly

314 836 141 40 escaped
482 839 138 37 capture
645 834 42 42 by
715 833 57 43 the
803 833 117 43 rebels,
951 831 64 45 and
1048 841 36 35 as
1116 830 79 46 they
1218 840 85 36 were

314 892 90 27 wont
420 892 35 27 to
471 891 87 29 treat
571 885 138 39 fugitive
723 885 108 40 slaves
845 883 75 42 who
936 882 55 42 fell
1008 882 70 43 into
1095 881 87 44 their
1197 881 107 44 hands

315 940 104 30 under
437 939 81 32 such
542 938 260 33 circumstances
827 945 81 25 even
924 944 104 27 worse
1048 934 82 36 than
1155 932 80 40 they
1251 932 54 40 did

316 991 86 30 their
419 990 99 31 hated
537 989 192 33 "Yankee"
753 987 177 39 prisoners,
952 986 40 41 he
1011 984 192 43 concluded,
1223 984 83 43 after

318 1043 56 30 the
405 1041 105 32 battle
536 1040 34 33 of
596 1039 215 40 Gettysburg,
842 1042 35 37 to
913 1038 91 42 leave
1028 1035 57 44 the
1119 1045 93 34 army
1239 1035 65 45 and

318 1093 97 31 settle
441 1093 94 31 down
561 1091 33 33 in
618 1091 57 33 the
700 1089 119 35 North.

363 1146 53 29 He
433 1155 69 20 was
519 1143 165 39 intensely
701 1140 147 41 desirous
872 1140 33 42 of
929 1138 150 43 learning
1095 1141 34 40 to
1146 1137 76 44 read
1241 1136 64 45 and

318 1196 104 36 write,
442 1195 64 37 and
529 1194 42 38 he
593 1204 69 28 was
682 1193 69 39 told
777 1192 73 40 that
875 1191 33 41 in
931 1190 169 42 Northern
1125 1188 180 45 communi¬

318 1248 63 30 ties
402 1248 41 30 he
465 1245 107 33 would
594 1245 66 33 find
688 1254 42 24 an
756 1241 215 42 opportunity
987 1245 34 38 to
1047 1244 54 39 get
1127 1250 41 33 an
1189 1239 116 43 educa¬

319 1300 81 30 tion.
457 1298 111 40 Going
598 1300 33 38 to
657 1296 57 42 the
746 1295 66 43 city
840 1294 34 44 of
903 1292 204 46 Pittsburgh,
1135 1291 40 47 he
1206 1290 100 48 found

320 1351 235 40 employment,
574 1349 72 42 first
671 1357 36 34 as
732 1356 41 35 an
799 1345 90 46 hotel
914 1348 119 43 porter,
1053 1343 63 48 and
1135 1342 171 49 afterward

320 1414 37 19 as
374 1413 20 20 a
408 1401 117 32 waiter
541 1400 33 33 in
592 1410 19 23 a
627 1401 199 32 restaurant.
878 1397 53 36 He
950 1395 119 39 sought
1087 1397 55 37 out
1161 1404 18 30 a
1197 1392 108 42 night-

320 1454 125 37 school,
475 1451 64 40 and
571 1451 106 40 began
710 1447 173 44 attending
914 1446 36 45 it.
997 1446 68 45 But
1097 1444 40 47 he
1169 1443 65 48 had
1266 1454 41 37 no

319 1505 123 31 friends
469 1508 34 28 to
532 1502 136 34 counsel
696 1500 63 36 and
786 1498 77 39 help
890 1497 80 41 him,
996 1496 63 42 and
1084 1495 51 42 his
1158 1494 89 43 work
1272 1504 35 33 so

320 1555 176 33 interfered
512 1553 80 35 with
610 1563 66 28 any
693 1554 142 37 attempt
852 1553 34 38 to
904 1547 114 44 attend
1036 1545 125 45 school,
1174 1556 35 35 or
1227 1555 80 36 even

321 1613 33 27 to
381 1608 99 39 study
504 1606 42 41 by
566 1602 144 45 himself,
734 1602 72 45 that
836 1599 40 48 he
903 1599 96 48 made
1025 1607 77 40 very
1131 1596 80 51 slow
1236 1605 70 42 pro¬

321 1669 104 30 gress.
473 1658 66 42 For
564 1655 93 45 three
682 1663 36 36 or
742 1652 72 48 four
843 1659 96 40 years
966 1648 52 51 his
1050 1647 108 53 duties
1190 1647 33 53 in
1251 1646 57 54 the

323 1712 189 29 restaurant
537 1707 78 39 kept
636 1704 68 41 him
737 1703 83 42 busy
843 1701 50 44 till
922 1699 114 46 nearly
1062 1698 163 48 midnight
1259 1697 49 48 six

323 1761 159 39 evenings
509 1762 57 37 out
594 1756 34 43 of
648 1765 96 34 every
774 1752 102 47 v/eek.
923 1752 67 48 But
1014 1761 42 39 no
1084 1759 126 40 pauper
1234 1757 75 42 ever

323 1812 119 33 looked
469 1820 90 25 more
587 1806 190 39 covetously
800 1814 87 31 upon
915 1803 57 42 the
999 1800 207 45 possessions
1233 1799 34 46 of
1290 1809 19 36 a

323 1861 199 35 millionaire
546 1860 84 36 than
657 1859 53 37 he,
738 1868 18 28 a
788 1866 78 30 man
897 1863 126 33 grown,
1050 1852 54 44 did
1136 1860 87 36 upon
1251 1849 57 47 the

324 1917 204 36 advantages
554 1911 33 42 of
615 1910 56 42 the
698 1907 146 45 children
867 1905 109 47 whom
1001 1903 42 49 he
1067 1906 67 46 met
1158 1899 152 53 carrying

323 1966 88 33 their
435 1965 102 35 slates
561 1961 64 39 and
650 1959 131 40 readers
804 1962 35 37 to
863 1956 64 44 and
949 1955 84 45 from
1057 1952 123 48 school.

366 2019 56 30 He
438 2015 101 34 heard
555 2012 141 39 nothing
711 2010 83 42 from
816 2007 51 44 his
889 2006 135 45 father's
1048 2004 114 48 family
1185 2002 48 49 for
1258 2001 48 51 six
