1725 2399
473 385 34 24 3°

732 372 82 25 THE
833 366 179 36 JUBILEE
1029 363 181 40 SINGERS.

477 461 89 30 York
581 460 79 38 they
675 467 85 31 were
780 459 34 39 at
830 454 57 44 the
905 450 237 48 headquarters
1158 447 35 51 of
1206 446 57 52 the
1281 442 177 56 American

480 510 200 37 Missionary
705 503 219 45 Association,
943 500 64 48 and
1035 508 36 39 so
1099 498 33 50 in
1164 507 19 40 a
1210 494 124 54 special
1363 501 96 47 sense

480 570 121 27 among
618 558 85 40 their
718 554 132 44 friends.
897 552 45 46 As
959 559 42 39 no
1017 547 86 51 good
1119 546 90 52 hotel
1227 540 232 57 accommoda¬

480 611 89 29 tions
592 608 96 32 could
713 606 38 33 be
775 602 137 38 secured
936 604 33 36 at
993 597 193 43 reasonable
1203 598 98 42 rates,
1320 592 94 48 three
1433 591 33 49 of

481 662 57 28 the
553 659 126 31 officers
693 656 34 34 of
741 654 55 36 the
813 650 220 40 Association,
1049 648 73 42 who
1140 645 85 45 lived
1243 645 33 45 in
1294 641 172 49 adjoining

483 712 120 28 houses
626 708 33 32 in
682 704 178 39 Brooklyn,
885 701 78 42 took
988 700 56 43 the
1068 702 96 41 party
1188 696 69 47 into
1281 693 88 51 their
1393 702 72 42 own

483 759 153 31 families.
683 756 73 35 And
772 755 93 36 there
881 753 81 39 they
978 750 101 42 found
1095 759 19 32 a
1131 749 96 42 home
1245 746 51 45 for
1311 745 57 46 the
1387 745 78 46 next

487 812 48 30 six
550 810 120 31 weeks.

531 862 93 30 Prior
645 864 35 28 to
704 858 87 34 their
814 854 118 38 arrival
958 858 33 34 at
1017 852 82 39 New
1116 849 101 43 York,
1236 849 82 43 Rev.
1339 846 130 45 George

488 912 172 39 Whipple,
684 909 57 42 the
779 906 109 45 senior
926 908 165 43 secretary
1128 900 35 51 of
1197 900 57 51 the
1293 895 179 56 American

491 963 200 36 Missionary
721 957 221 43 Association,
970 954 67 45 had
1068 951 161 49 arranged
1266 948 82 52 with
1390 947 82 53 Rev.

492 1015 115 37 Henry
631 1011 105 42 Ward
765 1008 149 45 Beecher
929 1006 74 46 that
1029 1004 80 48 they
1134 1001 120 51 should
1279 998 116 54 attend
1422 996 52 57 his

492 1065 120 37 Friday
629 1062 141 40 evening
785 1068 117 34 prayer
917 1056 146 45 meeting
1080 1054 63 48 and
1161 1053 74 49 sing
1252 1061 19 41 a
1286 1049 63 53 few
1372 1048 103 54 slave-

492 1116 120 39 hymns
630 1116 33 38 at
679 1112 57 42 the
754 1111 87 43 close
859 1108 35 46 of
906 1108 56 46 the
981 1105 135 49 service.
1164 1104 63 51 Mr.
1248 1099 149 55 Beecher
1413 1098 63 56 and

494 1166 52 30 his
573 1164 117 39 people
726 1171 85 32 were
850 1157 179 46 delighted.
1076 1155 93 48 After
1206 1152 133 51 singing
1377 1150 100 53 about

493 1220 127 34 twenty
650 1213 156 41 minutes,
833 1210 56 44 the
921 1212 96 42 party
1050 1206 127 48 started
1205 1208 34 46 to
1268 1203 100 51 retire
1395 1200 82 54 from

494 1268 57 30 the
570 1265 165 40 platform.
783 1263 62 42 Mr.
864 1260 158 45 Beecher,
1044 1256 156 49 jumping
1222 1265 55 40 up,
1302 1252 177 53 requested

496 1319 91 29 them
615 1320 34 27 to
675 1320 123 28 return.
846 1311 166 38 Standing
1040 1308 33 40 in
1098 1308 87 41 front
1215 1305 35 43 of
1276 1304 104 45 them,
1398 1302 81 46 with

498 1365 219 42 pocket-book
732 1365 33 42 in
778 1363 100 45 hand,
893 1362 41 46 he
948 1359 177 49 indicated,
1140 1356 80 51 with
1231 1353 250 54 characteristic

497 1419 142 38 drollery
663 1416 64 41 and
747 1413 219 44 enthusiasm,
984 1411 75 46 that
1078 1422 19 36 a
1114 1408 174 49 collection
1306 1405 109 52 would
1441 1405 40 52 be

497 1471 101 30 taken
616 1479 54 29 up,
690 1467 82 40 after
788 1464 108 43 which
918 1464 80 44 they
1018 1461 111 46 would
1152 1461 84 47 have
1262 1470 20 38 a
1304 1458 63 50 few
1392 1466 90 42 more

499 1531 112 29 songs.
658 1518 117 42 Before
802 1516 58 44 the
888 1515 147 45 meeting
1065 1512 121 48 closed,
1215 1510 42 50 he
1288 1507 195 53 announced

500 1572 73 30 that
590 1570 68 33 this
674 1580 69 23 was
764 1569 58 34 but
846 1577 18 26 a
887 1566 159 36 foretaste
1071 1563 34 39 of
1125 1563 90 39 what
1231 1572 68 31 was
1315 1565 35 38 to
1368 1569 93 34 come
1477 1570 6 33 :

500 1623 57 30 the
582 1622 135 39 Singers
747 1629 85 32 were
855 1622 35 39 to
914 1617 73 44 give
1012 1627 19 33 a
1055 1618 134 42 concert
1219 1614 33 47 in
1277 1612 57 48 the
1359 1609 123 51 church

501 1673 56 29 the
581 1675 78 27 next
687 1669 101 36 week,
807 1668 64 38 and
901 1667 58 39 the
985 1663 237 42 congregation
1245 1671 84 34 were
1353 1665 35 41 to
1411 1659 73 46 give

501 1722 93 29 them
611 1731 18 20 a
645 1720 132 31 benefit.

543 1771 46 30 As
618 1771 63 30 Mr.
711 1768 177 33 Beecher's
915 1768 234 33 lecture-room
1175 1766 89 35 talks
1290 1775 54 26 are
1371 1762 117 40 widely

503 1820 180 32 circulated
699 1819 144 38 through
858 1818 57 39 the
933 1827 129 30 papers,
1076 1816 69 41 this
1162 1816 147 41 resulted
1325 1815 34 42 in
1377 1826 18 31 a
1412 1824 77 33 very

502 1870 188 31 favourable
708 1867 224 34 introduction
954 1872 35 30 to
1014 1867 57 34 the
1095 1866 121 38 public.
1265 1865 73 39 The
1356 1869 132 35 concert

504 1926 33 27 at
564 1920 178 40 Plymouth
771 1918 133 42 Church
936 1927 68 33 was
1029 1917 72 43 well
1134 1917 168 43 attended,
1334 1917 66 42 and
1432 1917 57 43 the

505 1971 205 31 enthusiasm
729 1967 207 35 unbounded.
984 1968 63 34 Mr.
1067 1966 150 36 Beecher
1232 1966 66 36 had
1316 1968 103 39 urged
1437 1967 51 39 his

505 2023 114 38 people
635 2021 83 40 from
735 2020 57 41 the
809 2018 104 43 pulpit
930 2016 57 45 the
1005 2016 177 45 preceding
1199 2016 150 45 Sabbath
1368 2022 33 39 to
1415 2018 74 43 give
