1725 2399
974 285 48 26 232

510 363 57 30 but
592 362 36 31 of
650 361 188 36 sentiment,
858 358 130 39 feeling,
1013 356 64 42 and
1099 352 149 45 religion,
1266 350 147 48 between
1437 344 57 54 the

511 414 114 39 people
660 414 34 39 of
730 411 154 42 England
924 408 66 45 and
1026 407 57 46 the
1121 408 93 45 great
1254 399 171 54 continent
1461 395 34 58 of

512 464 183 30 America."
743 465 38 30 In
807 462 78 36 this,
909 460 49 38 for
983 459 55 39 the
1066 456 193 42 Protestant
1284 451 155 47 interests
1464 446 33 52 of

513 515 56 30 the
590 514 112 37 world,
724 513 67 38 will
815 513 39 39 be
877 510 101 41 found
1002 509 56 42 the
1080 512 73 39 true
1173 504 151 48 wisdom.

555 566 74 30 And
654 565 75 39 why
760 564 117 41 should
904 572 48 33 we
983 564 57 41 not
1069 558 40 46 do
1137 557 60 48 so?
1245 555 63 50 We
1339 550 66 54 had
1436 558 61 46 one

515 616 124 39 origin;
663 626 48 30 we
737 614 101 42 speak
861 613 56 42 the
942 621 91 35 same
1059 611 162 45 language
1236 617 8 39 ;
1268 615 49 40 we
1341 602 77 54 hold
1442 600 56 55 the

516 678 90 19 same
623 666 102 31 faith:
749 675 48 22 we
822 665 83 33 have
928 672 153 26 common
1103 660 155 38 interests
1281 656 33 42 in
1338 654 57 43 the
1412 651 87 47 civil,

517 719 56 30 the
590 717 111 36 social,
719 717 55 37 the
792 713 210 41 commercial
1020 711 64 43 and
1107 709 103 45 moral
1233 707 65 47 life.
1344 704 72 50 The
1434 707 66 47 two

519 769 132 31 nations
675 769 119 31 almost
816 766 97 34 blend
937 765 33 36 in
995 774 71 27 one.
1115 758 216 42 Essentially,
1352 756 80 44 they
1446 763 54 37 are

519 831 60 20 one
596 821 48 30 for
660 819 56 32 the
733 818 133 33 defence
883 816 34 35 of
941 820 71 31 true
1035 814 118 38 liberty
1170 811 64 41 and
1248 810 71 42 just
1336 808 72 44 law.
1464 806 38 46 In

521 870 66 31 this
603 872 65 30 fact
691 880 54 21 are
762 867 150 34 enfolded
931 867 56 35 the
1008 866 72 36 best
1104 864 154 38 interests
1276 860 34 42 of
1335 858 56 43 the
1414 867 86 35 race.

522 922 72 30 And
617 931 84 27 now,
720 920 25 38 if
764 930 48 27 we
834 919 58 39 but
915 917 145 41 improve
1082 925 60 33 our
1164 914 73 44 day,
1256 912 26 46 if
1302 920 48 38 we
1376 909 76 49 dare
1470 911 34 47 to

523 976 50 27 set
589 983 60 20 our
664 972 87 31 faces
768 970 56 33 the
840 980 73 28 way
928 968 81 40 time
1028 966 63 42 and
1109 964 132 44 destiny
1257 972 54 36 are
1328 960 110 48 going,
1456 968 48 40 we

525 1024 84 30 shall
624 1026 55 36 yet
696 1023 40 40 do
754 1033 18 30 a
789 1021 90 42 work
897 1019 34 44 of
948 1023 73 40 vast
1038 1017 96 46 value
1153 1020 33 43 to
1203 1014 57 48 the
1279 1012 112 51 world.
1440 1011 66 52 But

525 1074 25 30 if
571 1085 48 19 we
643 1084 73 20 now
738 1071 57 33 fail
819 1075 34 29 to
877 1070 96 34 make
1001 1080 18 24 a
1044 1068 99 39 right,
1161 1066 75 40 bold
1263 1063 109 43 stand,
1393 1073 36 33 as
1452 1062 56 45 the

526 1128 64 25 two
620 1126 92 36 great
745 1122 190 40 Protestant
964 1127 125 35 powers
1121 1115 33 47 of
1182 1113 67 48 this
1283 1116 149 46 century,
1461 1119 48 42 we

528 1174 84 30 shall
639 1173 106 39 justly
777 1172 132 40 deserve
945 1170 56 42 the
1035 1168 132 44 deepest
1207 1174 137 38 censure
1382 1162 34 50 of
1454 1161 55 51 the

528 1225 131 30 nations
691 1222 187 39 struggling
910 1231 43 30 up
985 1218 143 43 towards
1160 1228 19 33 a
1210 1216 106 45 better
1348 1213 64 48 life,
1447 1212 63 50 and

529 1278 56 29 the
600 1286 78 29 very
695 1284 93 30 curse
806 1272 35 42 of
864 1272 44 42 all
933 1269 242 45 Omnipotence
1200 1278 77 37 may
1294 1266 38 48 be
1356 1275 87 40 upon
1462 1273 49 42 us.

531 1329 62 29 We
612 1330 88 28 must
723 1329 57 30 not
795 1324 55 34 fail
867 1323 6 35 !
921 1322 120 36 Voices
1065 1331 52 27 are
1140 1323 57 36 out
1219 1329 41 30 on
1278 1317 56 41 the
1361 1314 154 44 morning

532 1379 63 30 and
618 1378 55 30 the
696 1374 164 39 midnight
882 1374 57 39 air,
958 1372 118 41 saying
1092 1381 47 32 we
1163 1374 89 39 must
1275 1373 56 40 not
1352 1367 56 46 fail
1431 1377 83 36 now.

534 1431 50 38 By
614 1430 56 39 the
702 1428 105 42 rights
838 1426 63 43 and
934 1425 100 44 hopes
1068 1422 33 47 of
1137 1422 94 47 those
1263 1419 74 50 who
1371 1428 54 41 are
1461 1421 54 48 yet

534 1479 182 39 stretching
732 1482 56 35 out
808 1476 86 41 their
910 1475 171 42 manacled
1104 1473 105 45 hands
1227 1476 33 42 to
1279 1470 72 48 God
1369 1469 64 48 and
1453 1467 63 50 His

535 1532 125 39 people,
678 1541 48 30 we
744 1533 89 39 must
850 1532 55 39 not
924 1527 39 45 do
983 1527 39 45 it!
1072 1525 51 46 By
1138 1524 55 48 the
1212 1521 185 51 thousands
1416 1519 33 52 of
1463 1518 55 53 the

537 1581 163 31 nameless
724 1580 82 33 dead
831 1590 40 23 on
896 1578 56 34 the
976 1587 101 29 many
1094 1573 214 42 battle-fields
1333 1572 33 43 of
1392 1572 129 44 slavery

537 1644 49 18 we
602 1636 87 27 must
707 1630 76 33 not!
831 1631 51 37 By
898 1629 56 39 the
972 1627 81 41 need
1072 1626 33 42 of
1122 1626 55 42 the
1197 1623 147 45 millions
1362 1622 34 46 of
1410 1621 111 47 suffer

538 1685 56 38 ing
616 1693 79 30 ones
717 1693 41 30 on
780 1682 56 41 the
858 1684 93 39 great
975 1678 171 45 continent
1170 1676 33 47 of
1226 1674 120 49 Africa,
1363 1683 48 39 we
1434 1676 88 47 must

540 1740 57 25 not
614 1736 41 30 do
672 1734 24 31 it
711 1734 6 31 !

585 1785 186 31 Donations
795 1784 63 32 and
885 1781 240 40 subscriptions
1148 1779 49 42 for
1221 1777 55 44 the
1301 1776 133 45 Society
1451 1785 75 36 may

542 1839 39 28 be
611 1842 72 25 sent
715 1840 33 27 to
780 1835 55 32 the
867 1838 177 31 treasurer,
1074 1832 89 37 Hon.
1198 1829 124 40 Arthur
1354 1825 173 44 Kinnaird,

545 1889 99 36 M.P.,
660 1898 29 27 2,
709 1887 69 38 Pall
800 1886 103 39 Mall;
929 1895 35 30 or
986 1888 33 36 to
1041 1884 56 41 the
1115 1881 206 44 secretaries,
1338 1883 33 42 at
1395 1878 63 46 No.
1479 1878 49 47 iS,

545 1940 105 30 Adam
668 1939 119 35 Street,
807 1937 133 37 Strand,
960 1935 151 39 London,
1130 1933 99 41 W.C.

889 2019 39 31 O.
948 2019 45 32 II.
1013 2019 143 34 White,

882 2073 30 42 J.
933 2070 161 44 Gwynne
1110 2070 123 45 Jones,

1289 2040 192 34 Secretaries.
