1725 2400
447 317 183 29 REVIVAL
647 315 191 30 LABOURS
859 315 115 30 WITH
990 316 67 30 MR.
1071 312 154 33 MOODY.
1299 319 28 27 71

343 408 176 39 meetings,
533 408 35 39 of
581 408 108 39 which
705 408 62 39 Mr.
781 408 122 39 Moody
915 406 87 41 often
1015 405 100 42 spoke
1128 403 201 44 afterwards,

343 465 124 26 cannot
485 460 39 31 be
541 461 107 30 better
664 459 69 32 told
754 459 82 32 than
855 459 32 32 in
911 458 57 33 the
987 457 105 34 words
1110 456 33 36 of
1167 456 81 35 Rev.
1268 456 62 36 Mr.

345 512 175 39 Robjohns
536 523 7 28 :
570 511 105 40 "The
692 511 130 41 Jubilee
841 510 134 42 Singers
992 509 66 43 had
1075 509 81 43 been
1175 506 158 46 specially

345 564 123 39 prayed
489 563 59 40 for.
595 563 28 40 A
648 563 176 40 moment's
848 572 113 31 pause,
980 560 64 43 and
1068 560 93 43 there
1177 562 87 41 went
1289 569 42 34 up

345 615 33 30 in
406 618 111 33 sweet,
545 615 63 37 low
631 618 96 33 notes
756 624 19 27 a
800 613 119 39 chorus
942 623 36 29 as
1005 611 35 41 of
1066 611 124 41 angels.
1238 610 94 42 None

345 666 97 30 could
466 666 58 31 tell
549 666 110 31 where
682 665 57 32 the
768 665 135 39 Singers
920 673 171 30 were—on
1113 662 57 42 the
1190 662 90 42 floor,
1299 660 33 43 in

345 718 57 30 the
420 718 136 39 gallery,
570 727 36 30 or
621 717 33 40 in
672 717 57 40 the
747 716 57 41 air.
851 715 75 42 The
944 714 108 42 crowd
1069 724 68 33 was
1155 713 99 44 close,
1269 712 64 45 and

345 769 57 30 the
436 768 363 40 Singers—wherever
828 767 80 41 they
939 774 226 33 were—were
1205 763 127 45 sitting.

347 821 111 39 Every
480 830 61 30 one
563 829 69 31 was
651 818 146 42 thrilled,
814 817 50 43 for
884 817 69 43 this
978 827 69 33 was
1069 816 57 44 the
1151 825 82 36 song
1254 813 81 47 they

347 881 138 30 sang,—

582 914 8 14 '
599 915 90 25 There
702 922 46 18 are
762 913 95 33 angels
870 911 132 35 hovering
1014 909 87 36 round

639 959 42 24 To
696 966 77 24 carry
786 958 45 32 the
845 957 102 33 tidings
960 955 97 35 home.'

348 1019 74 32 The
459 1023 96 27 notes
596 1029 54 21 are
690 1019 108 32 before
837 1029 39 22 us
915 1027 36 24 as
990 1026 49 24 we
1074 1015 105 37 write,
1218 1013 116 40 simple

351 1071 246 40 enough,—the
625 1071 108 41 words
753 1074 73 37 too;
855 1069 58 42 but
945 1078 60 33 one
1031 1066 117 45 should
1177 1066 79 45 hear
1279 1065 55 47 the

349 1122 149 43 Jubilees
515 1122 75 43 sing
605 1122 104 44 them.
756 1121 32 45 It
804 1130 69 36 was
890 1119 64 47 like
972 1129 20 36 a
1008 1117 119 48 snatch
1151 1116 34 50 of
1206 1115 128 51 angelic

351 1184 83 30 song
456 1174 102 39 heard
581 1173 84 40 from
689 1172 57 42 the
772 1181 102 33 upper
897 1169 48 45 air
969 1179 36 34 as
1022 1179 18 34 a
1064 1167 86 47 band
1176 1167 34 47 of
1236 1166 99 48 celes¬

350 1223 78 31 tials
445 1223 120 40 passed
583 1222 122 41 swiftly
720 1231 41 32 on
781 1231 41 32 an
840 1218 117 45 errand
975 1218 34 45 of
1023 1216 143 47 mercy."
1205 1215 73 48 And
1296 1215 39 48 he

352 1274 81 31 adds
448 1285 6 20 :
497 1274 19 31 "
532 1274 70 31 Nor
629 1283 54 22 are
708 1271 95 34 these
830 1270 44 35 all
902 1279 59 26 our
988 1267 198 39 obligations
1213 1269 33 37 to
1279 1275 58 31 our

351 1325 137 31 beloved
516 1323 134 33 friends.
705 1321 96 40 They
828 1320 83 41 have
937 1329 84 32 gone
1047 1318 33 43 in
1104 1317 63 44 and
1196 1320 56 42 out
1280 1315 55 46 the

351 1376 174 38 churches,
536 1373 294 42 Sunday-schools,
845 1371 65 43 and
924 1370 273 45 mission-rooms,
1206 1367 132 48 singing

350 1426 50 30 for
414 1426 111 41 Jesus.
574 1424 89 43 Such
689 1422 141 45 services
855 1425 33 42 to
914 1419 90 48 souls
1029 1418 64 49 and
1118 1416 112 51 Christ
1254 1416 82 51 have

351 1477 127 39 opened
503 1476 84 41 wide
615 1475 57 42 the
700 1472 143 45 people's
869 1471 122 45 hearts,
1021 1469 64 48 and
1109 1468 57 48 the
1191 1466 145 51 Jubilees

351 1528 84 31 have
460 1527 71 40 just
549 1525 129 42 walked
703 1524 141 44 straight
870 1522 43 45 in,
932 1525 34 42 to
990 1521 38 47 be
1045 1519 92 48 there
1161 1515 176 52 enshrined

351 1579 50 30 for
418 1578 203 32 evermore."

396 1631 39 29 In
452 1630 57 30 the
526 1632 93 36 great
637 1626 90 42 work
745 1630 33 38 at
796 1623 206 45 Edinburgh,
1023 1623 79 45 also,
1121 1620 56 48 the
1203 1620 133 48 Singers

353 1680 159 31 rendered
537 1678 124 41 special
690 1677 192 42 assistance,
909 1674 192 45 sometimes
1125 1671 117 48 taking
1263 1674 73 45 part

354 1733 33 30 in
405 1742 36 21 as
459 1740 99 30 many
576 1740 36 30 as
630 1729 49 41 six
696 1728 162 42 meetings
882 1737 19 33 a
924 1726 223 44 day—prayer
1164 1721 173 49 meetings,

354 1782 132 40 inquiry
504 1781 174 42 meetings,
696 1779 95 43 Bible
808 1778 164 45 readings,
986 1775 180 48 preaching
1182 1773 155 50 services,

355 1839 63 27 etc.
467 1833 51 32 On
536 1842 60 23 one
620 1831 135 39 Sunday
772 1829 140 42 evening
929 1828 63 42 Mr.
1020 1827 123 44 Moody
1164 1824 174 47 preached,

354 1885 65 31 and
444 1884 79 39 they
546 1893 93 30 sang,
659 1887 36 37 to
722 1893 42 31 an
790 1880 159 44 audience
974 1878 36 45 of
1032 1878 148 46 between
1203 1875 49 49 six
1275 1873 63 51 and

354 1946 99 21 seven
478 1935 168 33 thousand
669 1930 291 42 working-people,
978 1927 157 45 gathered
1158 1926 42 45 by
1216 1924 122 48 special

354 1988 96 32 cards
467 1987 35 33 of
515 1985 174 35 invitation
706 1984 33 36 in
756 1984 57 36 the
831 1983 86 36 Corn
936 1980 191 40 Exchange,
1145 1977 109 43 which
1270 1985 69 35 was
