1736 2407
699 338 84 24 THE
802 337 178 33 JUBILEE
999 337 185 33 SINGERS.

447 418 144 30 advance
610 420 33 30 of
663 419 51 30 his
732 423 134 32 master,
885 418 63 36 and
966 418 79 39 they
1062 427 81 30 gave
1160 417 69 40 him
1249 426 19 30 a
1284 426 92 30 room
1395 420 33 37 at

447 478 90 27 once,
556 469 121 36 thanks
694 473 33 32 to
747 468 56 36 the
830 468 153 37 reflected
1005 468 186 38 refulgence
1210 466 34 39 of
1269 465 67 40 this
1354 476 75 30 sup¬

447 520 99 36 posed
575 518 183 39 ownership
787 519 40 39 by
853 528 18 29 a
899 518 99 39 white
1027 518 95 39 man!
1173 518 53 39 He
1249 516 99 41 could
1373 520 57 37 not

447 568 82 30 have
553 572 55 35 got
631 579 62 28 one
715 572 33 35 at
772 578 63 30 any
852 567 87 40 price
963 568 66 39 had
1050 568 79 39 they
1146 568 120 39 known
1289 567 73 40 that
1388 568 40 39 he

445 627 69 20 was
537 628 18 19 a
578 618 65 30 free
667 628 77 20 man
768 618 64 30 and
856 618 75 39 paid
955 618 52 39 his
1032 629 72 28 own
1128 618 86 39 bills.

488 667 108 30 There
620 678 68 20 was
705 668 69 30 Tne
800 669 123 39 college
948 669 32 39 in
1006 669 94 39 Ohio,
1125 670 72 38 that
1223 674 33 34 at
1281 670 146 39 Oberlin,

445 717 108 31 which
571 718 161 31 admitted
750 720 154 30 coloured
928 720 153 30 students
1098 724 33 27 to
1149 721 56 30 the
1222 732 91 21 same
1331 722 96 40 privi¬

446 768 88 39 leges
563 780 36 28 as
626 770 100 38 white
758 780 90 28 ones,
877 771 64 38 and
969 771 51 37 his
1048 776 134 36 parents
1207 774 108 38 would
1344 773 84 39 have

445 819 112 40 gladly
579 819 94 40 aided
696 820 68 39 him
789 822 32 38 in
846 822 171 40 obtaining
1044 834 19 28 a
1091 824 124 39 college
1239 824 187 39 education.

447 871 66 30 But
530 871 55 30 the
603 873 164 30 obstacles
792 873 33 30 in
846 873 57 30 the
918 885 73 29 way
1008 874 34 39 of
1063 874 98 40 using
1177 875 36 39 it,
1232 875 106 39 either
1355 886 36 28 as
1408 887 18 27 a

446 930 114 21 means
578 921 34 30 of
625 921 186 31 usefulness
834 933 36 20 or
890 922 34 30 of
947 923 137 39 earning
1101 934 18 28 a
1137 924 186 39 livelihood,
1342 936 84 27 were

447 980 35 21 so
498 975 102 34 great,
615 972 73 37 that
706 972 24 37 it
749 973 131 36 seemed
897 976 33 33 to
946 973 91 36 them
1056 978 57 32 not
1126 975 106 35 worth
1249 975 57 35 the
1318 975 108 34 while.

447 1020 37 30 In
508 1022 95 30 those
627 1023 79 39 days
728 1023 55 39 the
807 1027 86 35 most
918 1034 18 28 a
961 1024 152 38 coloured
1137 1035 76 27 man
1235 1026 96 36 could
1353 1026 74 36 look

445 1071 138 31 forward
605 1075 33 27 to
655 1083 68 20 was
747 1084 18 19 a
789 1074 141 39 position
953 1085 36 28 as
1012 1074 115 39 waiter
1149 1086 36 27 or
1206 1076 125 37 hostler
1354 1077 33 36 in
1410 1089 18 24 a

444 1122 100 30 white
562 1125 105 30 man's
684 1124 111 38 hotel;
822 1135 36 27 or
873 1125 156 40 possibly,
1048 1125 26 40 if
1090 1125 40 40 he
1152 1137 69 28 was
1243 1128 184 39 exception¬

446 1173 65 39 ally
535 1173 115 40 thrifty
669 1175 63 39 and
759 1176 216 39 subservient,
997 1181 33 34 to
1059 1177 55 38 the
1142 1179 183 40 ownership
1353 1179 33 39 of
1410 1191 17 28 a

445 1224 96 30 small
574 1224 143 32 barber's
756 1227 93 41 shop.
896 1227 92 40 After
1025 1230 41 38 he
1105 1229 65 39 had
1208 1230 131 37 learned
1371 1230 56 37 the

446 1275 152 39 printer's
617 1277 102 37 trade,
738 1276 33 38 in
787 1278 77 39 fact,
882 1278 41 38 he
948 1279 100 37 found
1071 1280 24 36 it
1114 1281 34 36 of
1162 1291 42 25 no
1221 1292 57 24 use
1295 1286 33 30 to
1346 1281 79 35 him.

446 1326 114 31 White
578 1327 141 39 printers
735 1329 109 37 would
869 1334 57 33 not
950 1331 139 36 tolerate
1107 1332 56 34 the
1181 1343 156 29 presence
1355 1333 33 39 of
1409 1343 18 29 a

444 1377 96 31 black
558 1379 211 39 compositor,
789 1380 63 38 and
879 1380 40 38 he
936 1392 69 27 was
1029 1383 129 40 obliged
1182 1387 33 36 to
1241 1384 77 39 seek
1333 1383 95 39 other

445 1439 114 21 means
585 1429 33 31 of
638 1431 129 39 getting
791 1443 19 27 a
834 1431 187 39 livelihood.

488 1480 110 40 Going
628 1485 33 35 to
692 1481 189 39 Tennessee
913 1483 84 37 after
1026 1484 57 36 the
1113 1497 78 27 war,
1221 1485 40 39 he
1292 1486 134 38 became

444 1531 177 33 interested
647 1533 33 31 in
705 1533 56 31 the
786 1534 91 31 work
901 1534 34 31 of
955 1536 57 30 the
1035 1536 129 42 Jubilee
1193 1537 145 41 Singers,
1362 1539 64 39 and

440 1583 112 39 joined
576 1584 91 39 them
689 1584 153 41 previous
862 1590 33 35 to
920 1586 87 39 their
1029 1588 121 36 second
1171 1588 76 36 visit
1271 1593 33 32 to
1323 1590 102 35 Great

444 1635 128 30 Britain
591 1635 32 31 in
642 1635 93 40 1875.

486 1737 184 38 Benjamin
688 1737 219 37 W.Thomas
924 1750 68 24 was
1008 1741 57 33 the
1083 1752 59 23 son
1160 1743 34 32 of
1215 1754 42 21 an
1274 1744 153 31 exhorter

443 1786 31 30 in
492 1788 55 30 the
565 1788 132 39 Baptist
717 1788 131 39 Church
870 1794 33 33 at
930 1791 253 40 Bennettsville,
1201 1794 108 36 South
1328 1797 97 34 Caro¬

442 1837 76 37 lina,
540 1838 63 36 and
630 1838 55 36 the
714 1838 104 36 eldest
848 1839 33 35 of
903 1839 50 35 his
977 1841 114 40 family
1116 1844 33 37 of
1170 1845 72 36 four
1266 1846 157 35 children.

441 1888 109 31 When
576 1888 40 31 he
635 1899 68 21 was
731 1890 90 39 quite
843 1900 122 30 young,
992 1892 57 38 the
1065 1893 107 37 whole
1201 1896 115 42 family
1340 1908 84 29 were

441 1939 71 30 sold
532 1942 33 27 to
591 1949 18 20 a
633 1950 76 20 man
734 1938 102 41 living
860 1940 33 39 in
918 1941 139 38 another
1080 1948 73 34 part
1179 1946 36 36 of
1235 1947 56 36 the
1317 1949 105 33 State.

440 1988 111 33 When
574 1989 57 31 the
648 2000 68 21 war
738 1990 99 30 broke
861 1995 66 35 out,
947 1992 32 38 in
1005 1993 91 39 1861,
1116 1995 51 37 his
1192 2002 123 30 master
1337 2004 87 27 went
