1725 2400
459 348 14 24 8

707 347 84 24 THE
811 345 180 35 JUBILEE
1008 343 183 36 SINGERS.

506 432 135 30 Besides
684 431 54 31 the
783 434 174 28 seventeen
993 426 186 36 academies
1216 428 63 34 and
1320 426 126 36 normal

462 480 130 30 schools
623 478 107 33 which
764 478 23 33 it
820 477 60 33 has
921 475 133 39 planted
1096 478 33 36 at
1173 474 125 40 central
1338 474 109 41 points

460 530 201 39 throughout
703 528 55 41 the
807 525 117 43 South,
966 525 64 44 and
1077 523 108 45 which
1226 524 126 45 require
1392 524 55 45 the

462 578 141 30 services
619 576 34 31 of
678 576 112 39 nearly
808 585 18 29 a
845 573 150 41 hundred
1019 572 119 42 skilled
1158 572 165 42 teachers,
1341 572 25 42 it
1389 571 61 43 has

462 627 102 29 under
581 627 42 30 its
641 625 157 39 fostering
816 634 73 30 care
917 633 98 30 seven
1044 622 172 42 chartered
1241 621 209 43 institutions

461 677 48 30 for
525 675 172 39 collegiate
717 675 63 39 and
798 674 198 40 theological
1017 672 189 42 education.
1266 672 108 42 These
1393 682 54 32 are

462 727 128 30 located
618 726 33 31 in
674 736 35 21 as
735 736 99 29 many
858 725 148 40 different
1029 725 123 40 States,
1179 723 64 42 and
1266 734 42 31 no
1331 727 65 38 two
1419 722 34 43 of

462 778 90 30 them
570 788 54 20 are
642 776 115 32 within
774 777 92 31 three
885 775 149 33 hundred
1060 775 95 33 miles
1180 774 33 33 of
1236 774 81 34 each
1343 774 105 34 other.

463 829 94 39 They
595 838 54 30 are
688 828 105 40 Berea
833 827 143 42 College,
1017 831 33 38 at
1091 827 116 42 Berea,
1251 825 198 43 Kentucky;

467 881 171 39 Hampton
675 879 167 41 Institute,
873 882 32 38 at
948 878 184 42 Hampton,
1162 876 171 43 Virginia;
1371 876 81 44 Fisk

467 930 201 39 University,
692 933 32 36 at
756 929 181 41 Nashville,
966 928 206 42 Tennessee;
1206 928 138 42 Atlanta
1371 926 80 44 Uni¬

464 981 132 39 versity,
635 984 33 36 at
707 981 146 40 Atlanta,
881 978 164 42 Georgia;
1086 978 183 42 Talladega
1303 977 147 44 College,

466 1036 31 25 at
528 1031 192 39 Talladega,
754 1031 182 39 Alabama;
972 1029 171 41 Tougaloo
1178 1028 205 42 University,
1419 1032 33 38 at

466 1080 180 39 Tougaloo,
684 1079 199 40 Mississippi
899 1089 7 30 ;
960 1079 64 40 and
1060 1077 148 42 Straight
1246 1077 204 42 University,

466 1133 32 26 at
543 1129 81 30 New
670 1128 150 36 Orleans,
860 1126 192 38 Louisiana.
1125 1125 109 39 These
1283 1136 54 28 are
1380 1136 73 28 now

467 1179 42 30 all
536 1178 215 39 successfully
783 1177 147 40 engaged
963 1177 32 40 in
1026 1176 145 41 training
1203 1176 152 41 teachers
1388 1176 63 42 and

468 1230 167 30 ministers
657 1229 48 31 for
729 1229 55 31 the
811 1228 166 32 freedmen
1007 1227 82 33 from
1119 1236 122 29 among
1268 1227 87 39 their
1379 1237 72 28 own

468 1280 147 36 number,
635 1279 64 37 and
728 1289 53 27 are
810 1278 159 39 destined,
990 1277 23 39 it
1042 1278 27 39 is
1095 1278 117 39 hoped,
1244 1281 32 36 at
1305 1288 42 28 no
1374 1287 79 30 very

471 1330 122 30 distant
623 1329 62 39 day
713 1333 33 36 to
777 1329 78 39 send
884 1332 56 37 out
968 1338 99 30 many
1098 1327 198 42 missionary
1321 1338 132 31 reapers

471 1380 69 30 into
566 1380 100 30 God's
690 1383 93 35 great
808 1378 225 40 harvest-field
1058 1378 33 40 in
1116 1377 120 41 Africa.
