1725 2400
441 363 18 18 2

690 356 84 25 THE
793 356 182 33 JUBILEE
994 356 181 33 SINGERS.

444 453 84 20 were
545 454 75 20 ever
637 453 88 21 more
746 447 230 35 tempestuous
1000 444 81 38 than
1106 444 56 38 the
1188 447 126 36 stormy
1339 454 95 30 expe¬

446 494 126 30 riences
587 494 73 30 that
678 498 33 27 at
728 494 70 30 first
815 495 108 30 tested
941 494 87 31 their
1050 494 83 31 faith
1152 495 64 30 and
1233 504 156 30 courage.

489 543 93 40 They
609 555 84 29 were
722 548 33 36 at
783 544 98 39 times
904 544 141 39 without
1075 545 57 39 the
1162 555 120 30 money
1309 549 33 36 to
1371 545 66 41 buy

447 594 125 30 needed
589 595 156 39 clothing.
794 595 63 39 Yet
875 594 33 40 in
930 595 66 39 less
1020 594 81 39 than
1119 594 93 40 three
1236 605 96 30 years
1356 595 81 40 they

448 645 163 36 returned,
622 645 151 40 bringing
784 645 84 39 back
880 645 81 40 with
973 645 92 39 them
1079 645 117 40 nearly
1209 655 60 30 one
1287 645 150 41 hundred

448 696 166 30 thousand
631 696 128 30 dollars.
807 696 94 40 They
919 696 65 39 had
1001 697 83 39 been
1101 696 118 40 turned
1238 707 93 29 away
1349 696 84 40 from

450 746 117 37 hotels,
600 747 64 36 and
696 746 111 37 driven
840 750 57 33 out
929 747 34 36 of
990 747 135 39 railway
1156 746 280 40 waiting-rooms,

450 798 140 31 because
608 798 33 32 of
655 798 86 32 their
757 798 122 31 colour.
927 799 67 30 But
1011 798 79 39 they
1101 798 66 40 had
1184 798 82 40 been
1285 798 151 40 received

451 849 79 31 with
547 850 128 30 honour
692 849 42 40 by
749 849 57 40 the
828 849 174 41 President
1023 849 33 40 of
1078 849 56 41 the
1161 849 126 41 United
1314 849 126 40 States,

452 901 79 39 they
547 900 64 39 had
629 910 85 30 sung
730 900 86 40 their
833 900 207 40 slave-songs
1056 900 109 40 before
1182 900 57 40 the
1267 900 116 40 Queen
1410 900 34 41 of

374 966 40 9 —
455 952 101 30 Great
582 951 141 37 Britain,
753 951 63 37 and
848 951 78 39 they
954 951 65 39 had
1051 951 159 39 gathered
1244 960 36 30 as
1313 951 127 39 invited

454 1006 114 35 guests
601 1002 99 39 about
736 1001 57 40 the
832 1001 273 40 breakfast-table
1152 1001 33 40 of
1230 1001 60 40 her
1333 1001 111 40 Prime

370 1065 60 9 -—
458 1053 163 31 Minister.

498 1103 84 30 This
605 1104 95 36 book,
726 1104 162 36 however,
906 1102 27 38 is
958 1106 58 34 not
1041 1102 132 38 written
1199 1107 34 33 to
1259 1103 106 37 sound
1389 1102 57 38 the

459 1153 124 40 praises
597 1153 33 40 of
644 1154 55 39 the
717 1154 144 39 Singers,
882 1154 64 39 and
963 1152 77 41 here
1059 1152 24 41 it
1102 1153 98 40 drops
1218 1152 43 41 its
1278 1153 169 40 introduc¬

459 1209 72 35 tory
555 1204 201 40 illustration
786 1204 111 40 drawn
925 1203 83 41 from
1036 1214 18 30 a
1083 1203 145 41 heathen
1254 1203 105 41 myth.
1409 1205 39 39 In

459 1257 131 41 Jason's
606 1255 79 42 time
702 1255 56 42 the
775 1254 196 43 inspiration
992 1258 34 39 to
1044 1254 82 43 such
1145 1266 19 32 a
1181 1254 139 43 mission
1338 1255 111 42 would

460 1307 83 29 have
560 1306 81 30 been
663 1305 153 39 lacking;
843 1305 43 39 its
911 1305 302 39 accomplishment
1230 1305 111 39 would
1363 1305 86 39 have

460 1357 82 30 been
559 1356 190 40 impossible
770 1356 33 39 in
820 1367 18 29 a
855 1356 103 39 world
975 1356 156 39 moulded
1149 1356 78 39 only
1244 1356 42 39 by
1305 1356 144 40 Grecian

462 1407 138 30 culture.
647 1406 71 31 The
731 1407 115 39 quaint
858 1417 99 30 songs
971 1410 33 37 at
1018 1407 55 40 the
1087 1407 87 40 close
1189 1407 33 40 of
1233 1407 68 40 this
1314 1407 135 40 volume

462 1468 67 19 owe
547 1457 87 30 their
651 1458 145 39 peculiar
813 1458 125 38 charm,
957 1468 36 28 as
1011 1459 57 37 the
1087 1462 90 36 story
1194 1458 111 40 which
1330 1458 25 39 it
1374 1458 78 39 tells

464 1518 86 21 owes
570 1509 43 30 its
637 1509 147 39 peculiar
806 1509 148 39 interest,
972 1513 34 35 to
1031 1509 96 39 those
1147 1509 183 39 benignant
1356 1509 96 39 influ¬

464 1570 97 20 ences
577 1560 42 39 by
635 1559 108 40 which
766 1560 219 40 Christianity
1011 1560 27 40 is
1066 1560 109 40 surely
1201 1559 135 41 moving
1357 1570 42 30 on
1419 1563 35 36 to

464 1611 56 30 the
537 1611 78 30 final
633 1611 205 40 redemption
857 1611 34 39 of
912 1611 57 40 the
987 1611 112 40 world.

508 1710 72 30 The
612 1710 75 30 civil
719 1721 68 20 war
812 1710 109 31 which
954 1710 99 31 broke
1085 1713 57 28 out
1174 1710 34 32 in
1239 1710 57 32 the
1330 1709 127 33 United

468 1761 122 36 States,
611 1761 32 36 in
662 1761 92 37 1861,
771 1771 69 27 was
864 1761 171 39 avowedly
1050 1761 126 39 waged,
1197 1771 42 29 on
1257 1770 61 30 one
1337 1761 69 39 side
1423 1764 34 36 to

468 1812 183 30 overthrow
668 1811 56 31 the
747 1811 107 31 Union
873 1811 33 31 of
924 1811 57 31 the
1005 1811 124 36 States,
1149 1812 65 36 and
1228 1821 41 26 on
1287 1812 57 36 the
1362 1811 97 36 other

468 1866 33 27 to
519 1872 150 30 preserve
687 1860 36 41 it.
771 1862 67 39 But
855 1860 86 41 back
957 1861 34 40 of
1005 1861 67 40 this
1091 1860 108 41 object
1225 1861 24 40 it
1268 1872 69 30 was
1354 1861 105 40 really

469 1923 19 19 a
504 1923 78 26 war,
602 1923 40 27 on
661 1923 60 27 one
740 1911 69 38 side
834 1916 34 33 to
885 1916 194 35 perpetuate
1097 1912 141 39 slavery,
1259 1912 64 39 and
1341 1922 42 29 on
1401 1912 57 39 the

470 1963 95 30 other
580 1968 34 26 to
629 1962 127 31 abolish
774 1962 36 31 it.
855 1962 72 32 The
947 1963 106 30 South
1071 1962 201 31 understood
1290 1962 69 32 this
1375 1962 84 31 from

471 2014 56 30 the
545 2019 94 26 start.
687 2014 43 30 So
748 2013 54 31 did
819 2013 97 31 those
935 2019 33 26 at
984 2015 57 30 the
1061 2014 108 31 North
1186 2014 74 31 who
1276 2024 86 21 were
1380 2014 80 32 wise
