<?xml version="1.0" encoding="utf-8"?>
<alto xmlns:xlink="http://www.w3.org/1999/xlink" xmlns:xsi="http://www.w3.org/2001/XMLSchema-instance" xsi:schemaLocation="http://www.loc.gov/standards/alto/ns-v2# http://www.loc.gov/standards/alto/alto-v2.0.xsd" xmlns="http://www.loc.gov/standards/alto/ns-v2#">
  <Description>
    <MeasurementUnit>pixel</MeasurementUnit>
    <sourceImageInformation>
      <fileName>00000083.tif</fileName>
    </sourceImageInformation>
    <OCRProcessing ID="Processing">
      <ocrProcessingStep>
        <processingStepSettings>Image Resolution:300</processingStepSettings>
        <processingSoftware>
          <softwareCreator>I2S</softwareCreator>
          <softwareName>Limb</softwareName>
          <softwareVersion>1.0</softwareVersion>
          <applicationDescription>Abbyy10 OCR Engine</applicationDescription>
        </processingSoftware>
      </ocrProcessingStep>
    </OCRProcessing>
  </Description>
  <Styles>
    <TextStyle ID="StyleId-0" FONTSIZE="8" FONTFAMILY="Times New Roman" />
    <TextStyle ID="StyleId-1" FONTSIZE="9" FONTFAMILY="Times New Roman" />
  </Styles>
  <Layout>
    <Page ID="P82" PHYSICAL_IMG_NR="82" HEIGHT="2406" WIDTH="1733" ACCURACY="0.8291795" QUALITY_DETAIL="282 words, 1382 chars, 1163 with recognition greater than 50% (84.15%)">
      <TopMargin ID="P82_TM00001" HPOS="0" VPOS="0" WIDTH="1733" HEIGHT="316" />
      <LeftMargin ID="P82_LM00001" HPOS="0" VPOS="316" WIDTH="295" HEIGHT="1774" />
      <RightMargin ID="P82_RM00001" HPOS="1295" VPOS="316" WIDTH="438" HEIGHT="1774" />
      <BottomMargin ID="P82_BM00001" HPOS="0" VPOS="2091" WIDTH="1733" HEIGHT="315" />
      <PrintSpace ID="P82_PS00001" HPOS="295" VPOS="316" WIDTH="999" HEIGHT="1774">
        <TextBlock ID="P82_TB00001" HPOS="394" VPOS="317" WIDTH="904" HEIGHT="57">
          <TextLine ID="P82_TL00001" HPOS="400" VPOS="324" WIDTH="892" HEIGHT="44">
            <String ID="P82_S00001" HPOS="400" VPOS="324" WIDTH="327" HEIGHT="29" STYLEREFS="StyleId-0" CONTENT="HOSPITALITIES" WC="0.353846163" CC="10358873767466" />
            <SP ID="P82_SP00001" WIDTH="0" HPOS="0" VPOS="0" />
            <String ID="P82_S00002" HPOS="744" VPOS="328" WIDTH="60" HEIGHT="26" STYLEREFS="StyleId-0" CONTENT="AT" WC="0.97" CC="00" />
            <SP ID="P82_SP00002" WIDTH="0" HPOS="0" VPOS="0" />
            <String ID="P82_S00003" HPOS="823" VPOS="329" WIDTH="156" HEIGHT="27" STYLEREFS="StyleId-0" CONTENT="CASTLE" WC="0.8883333" CC="400020" />
            <SP ID="P82_SP00003" WIDTH="0" HPOS="0" VPOS="0" />
            <String ID="P82_S00004" HPOS="1002" VPOS="330" WIDTH="183" HEIGHT="30" STYLEREFS="StyleId-0" CONTENT="WEMYSS." WC="0.8371429" CC="0002206" />
            <SP ID="P82_SP00004" WIDTH="0" HPOS="0" VPOS="0" />
            <String ID="P82_S00005" HPOS="1260" VPOS="333" WIDTH="33" HEIGHT="34" STYLEREFS="StyleId-0" CONTENT="67" WC="0.695" CC="23" />
          </TextLine>
        </TextBlock>
        <TextBlock ID="P82_TB00002" HPOS="294" VPOS="405" WIDTH="1000" HEIGHT="1686">
          <TextLine ID="P82_TL00002" HPOS="300" VPOS="411" WIDTH="990" HEIGHT="49">
            <String ID="P82_S00006" HPOS="300" VPOS="411" WIDTH="50" HEIGHT="31" STYLEREFS="StyleId-1" CONTENT="for" WC="0.65" CC="406" />
            <SP ID="P82_SP00005" WIDTH="0" HPOS="0" VPOS="0" />
            <String ID="P82_S00007" HPOS="368" VPOS="423" WIDTH="18" HEIGHT="20" STYLEREFS="StyleId-1" CONTENT="a" WC="0.96" CC="0" />
            <SP ID="P82_SP00006" WIDTH="0" HPOS="0" VPOS="0" />
            <String ID="P82_S00008" HPOS="408" VPOS="414" WIDTH="124" HEIGHT="39" STYLEREFS="StyleId-1" CONTENT="garden" WC="0.5966667" CC="746500" />
            <SP ID="P82_SP00007" WIDTH="0" HPOS="0" VPOS="0" />
            <String ID="P82_S00009" HPOS="551" VPOS="419" WIDTH="96" HEIGHT="37" STYLEREFS="StyleId-1" CONTENT="party" WC="0.7" CC="40540" />
            <SP ID="P82_SP00008" WIDTH="0" HPOS="0" VPOS="0" />
            <String ID="P82_S00010" HPOS="665" VPOS="420" WIDTH="33" HEIGHT="36" STYLEREFS="StyleId-1" CONTENT="at" WC="1" CC="00" />
            <SP ID="P82_SP00009" WIDTH="0" HPOS="0" VPOS="0" />
            <String ID="P82_S00011" HPOS="724" VPOS="417" WIDTH="113" HEIGHT="39" STYLEREFS="StyleId-1" CONTENT="Castle" WC="0.923333347" CC="000040" />
            <SP ID="P82_SP00010" WIDTH="0" HPOS="0" VPOS="0" />
            <String ID="P82_S00012" HPOS="861" VPOS="418" WIDTH="168" HEIGHT="42" STYLEREFS="StyleId-1" CONTENT="Wemyss," WC="0.8657143" CC="4000003" />
            <SP ID="P82_SP00011" WIDTH="0" HPOS="0" VPOS="0" />
            <String ID="P82_S00013" HPOS="1047" VPOS="420" WIDTH="51" HEIGHT="39" STYLEREFS="StyleId-1" CONTENT="his" WC="0.5566667" CC="551" />
            <SP ID="P82_SP00012" WIDTH="0" HPOS="0" VPOS="0" />
            <String ID="P82_S00014" HPOS="1123" VPOS="421" WIDTH="168" HEIGHT="39" STYLEREFS="StyleId-1" CONTENT="residence" WC="0.7644445" CC="600150700" />
          </TextLine>
          <TextLine ID="P82_TL00003" HPOS="302" VPOS="465" WIDTH="990" HEIGHT="45">
            <String ID="P82_S00015" HPOS="302" VPOS="474" WIDTH="42" HEIGHT="21" STYLEREFS="StyleId-1" CONTENT="on" WC="0.86" CC="20" />
            <SP ID="P82_SP00013" WIDTH="0" HPOS="0" VPOS="0" />
            <String ID="P82_S00016" HPOS="363" VPOS="465" WIDTH="159" HEIGHT="40" STYLEREFS="StyleId-1" CONTENT="Wemyss" WC="0.811666667" CC="501004" />
            <SP ID="P82_SP00014" WIDTH="0" HPOS="0" VPOS="0" />
            <String ID="P82_S00017" HPOS="541" VPOS="466" WIDTH="83" HEIGHT="41" STYLEREFS="StyleId-1" CONTENT="Bay." WC="0.7825" CC="5003" />
            <SP ID="P82_SP00015" WIDTH="0" HPOS="0" VPOS="0" />
            <String ID="P82_S00018" HPOS="674" VPOS="468" WIDTH="201" HEIGHT="39" STYLEREFS="StyleId-1" CONTENT="Invitations" WC="0.874545455" CC="00150005100" />
            <SP ID="P82_SP00016" WIDTH="0" HPOS="0" VPOS="0" />
            <String ID="P82_S00019" HPOS="891" VPOS="480" WIDTH="84" HEIGHT="27" STYLEREFS="StyleId-1" CONTENT="were" WC="0.8175" CC="1050" />
            <SP ID="P82_SP00017" WIDTH="0" HPOS="0" VPOS="0" />
            <String ID="P82_S00020" HPOS="993" VPOS="475" WIDTH="73" HEIGHT="32" STYLEREFS="StyleId-1" CONTENT="sent" WC="1" CC="0000" />
            <SP ID="P82_SP00018" WIDTH="0" HPOS="0" VPOS="0" />
            <String ID="P82_S00021" HPOS="1089" VPOS="476" WIDTH="57" HEIGHT="31" STYLEREFS="StyleId-1" CONTENT="out" WC="0.9766667" CC="000" />
            <SP ID="P82_SP00019" WIDTH="0" HPOS="0" VPOS="0" />
            <String ID="P82_S00022" HPOS="1161" VPOS="477" WIDTH="34" HEIGHT="30" STYLEREFS="StyleId-1" CONTENT="to" WC="0.825" CC="03" />
            <SP ID="P82_SP00020" WIDTH="0" HPOS="0" VPOS="0" />
            <String ID="P82_S00023" HPOS="1219" VPOS="474" WIDTH="73" HEIGHT="33" STYLEREFS="StyleId-1" CONTENT="four" WC="0.595" CC="0456" />
          </TextLine>
          <TextLine ID="P82_TL00004" HPOS="303" VPOS="515" WIDTH="988" HEIGHT="45">
            <String ID="P82_S00024" HPOS="303" VPOS="515" WIDTH="151" HEIGHT="32" STYLEREFS="StyleId-1" CONTENT="hundred" WC="0.671428561" CC="7070610" />
            <SP ID="P82_SP00021" WIDTH="0" HPOS="0" VPOS="0" />
            <String ID="P82_S00025" HPOS="471" VPOS="527" WIDTH="137" HEIGHT="30" STYLEREFS="StyleId-1" CONTENT="persons" WC="0.8457143" CC="6200200" />
            <SP ID="P82_SP00022" WIDTH="0" HPOS="0" VPOS="0" />
            <String ID="P82_S00026" HPOS="626" VPOS="519" WIDTH="34" HEIGHT="38" STYLEREFS="StyleId-1" CONTENT="of" WC="0.595" CC="52" />
            <SP ID="P82_SP00023" WIDTH="0" HPOS="0" VPOS="0" />
            <String ID="P82_S00027" HPOS="681" VPOS="520" WIDTH="212" HEIGHT="38" STYLEREFS="StyleId-1" CONTENT="prominence" WC="0.962" CC="0000300000" />
            <SP ID="P82_SP00024" WIDTH="0" HPOS="0" VPOS="0" />
            <String ID="P82_S00028" HPOS="911" VPOS="521" WIDTH="64" HEIGHT="37" STYLEREFS="StyleId-1" CONTENT="and" WC="0.8466667" CC="040" />
            <SP ID="P82_SP00025" WIDTH="0" HPOS="0" VPOS="0" />
            <String ID="P82_S00029" HPOS="999" VPOS="522" WIDTH="162" HEIGHT="36" STYLEREFS="StyleId-1" CONTENT="influence" WC="0.8655556" CC="304400000" />
            <SP ID="P82_SP00026" WIDTH="0" HPOS="0" VPOS="0" />
            <String ID="P82_S00030" HPOS="1185" VPOS="525" WIDTH="33" HEIGHT="33" STYLEREFS="StyleId-1" CONTENT="in" WC="0.855" CC="20" />
            <SP ID="P82_SP00027" WIDTH="0" HPOS="0" VPOS="0" />
            <String ID="P82_S00031" HPOS="1236" VPOS="526" WIDTH="56" HEIGHT="32" STYLEREFS="StyleId-1" CONTENT="the" WC="0.73" CC="143" />
          </TextLine>
          <TextLine ID="P82_TL00005" HPOS="301" VPOS="567" WIDTH="988" HEIGHT="49">
            <String ID="P82_S00032" HPOS="301" VPOS="571" WIDTH="84" HEIGHT="27" STYLEREFS="StyleId-1" CONTENT="west" WC="0.75" CC="10000" />
            <SP ID="P82_SP00028" WIDTH="0" HPOS="0" VPOS="0" />
            <String ID="P82_S00033" HPOS="409" VPOS="567" WIDTH="35" HEIGHT="31" STYLEREFS="StyleId-1" CONTENT="of" WC="0.755" CC="40" />
            <SP ID="P82_SP00029" WIDTH="0" HPOS="0" VPOS="0" />
            <String ID="P82_S00034" HPOS="465" VPOS="568" WIDTH="177" HEIGHT="39" STYLEREFS="StyleId-1" CONTENT="Scotland;" WC="0.7866667" CC="432100006" />
            <SP ID="P82_SP00030" WIDTH="0" HPOS="0" VPOS="0" />
            <String ID="P82_S00035" HPOS="669" VPOS="570" WIDTH="64" HEIGHT="36" STYLEREFS="StyleId-1" CONTENT="and" WC="0.8066667" CC="500" />
            <SP ID="P82_SP00031" WIDTH="0" HPOS="0" VPOS="0" />
            <String ID="P82_S00036" HPOS="758" VPOS="572" WIDTH="88" HEIGHT="35" STYLEREFS="StyleId-1" CONTENT="Lord" WC="0.8175" CC="1050" />
            <SP ID="P82_SP00032" WIDTH="0" HPOS="0" VPOS="0" />
            <String ID="P82_S00037" HPOS="872" VPOS="572" WIDTH="227" HEIGHT="43" STYLEREFS="StyleId-1" CONTENT="Shaftesbury," WC="0.92" CC="000500012000" />
            <SP ID="P82_SP00033" WIDTH="0" HPOS="0" VPOS="0" />
            <String ID="P82_S00038" HPOS="1125" VPOS="576" WIDTH="73" HEIGHT="39" STYLEREFS="StyleId-1" CONTENT="who" WC="0.64" CC="055" />
            <SP ID="P82_SP00034" WIDTH="0" HPOS="0" VPOS="0" />
            <String ID="P82_S00039" HPOS="1221" VPOS="588" WIDTH="68" HEIGHT="27" STYLEREFS="StyleId-1" CONTENT="was" WC="0.83" CC="005" />
          </TextLine>
          <TextLine ID="P82_TL00006" HPOS="303" VPOS="618" WIDTH="988" HEIGHT="48">
            <String ID="P82_S00040" HPOS="303" VPOS="618" WIDTH="70" HEIGHT="31" STYLEREFS="StyleId-1" CONTENT="also" WC="0.915" CC="0300" />
            <SP ID="P82_SP00035" WIDTH="0" HPOS="0" VPOS="0" />
            <String ID="P82_S00041" HPOS="396" VPOS="624" WIDTH="144" HEIGHT="36" STYLEREFS="StyleId-1" CONTENT="present," WC="0.94625" CC="00200100" />
            <SP ID="P82_SP00036" WIDTH="0" HPOS="0" VPOS="0" />
            <String ID="P82_S00042" HPOS="559" VPOS="621" WIDTH="96" HEIGHT="38" STYLEREFS="StyleId-1" CONTENT="made" WC="0.93" CC="0200" />
            <SP ID="P82_SP00037" WIDTH="0" HPOS="0" VPOS="0" />
            <String ID="P82_S00043" HPOS="678" VPOS="632" WIDTH="19" HEIGHT="27" STYLEREFS="StyleId-1" CONTENT="a" WC="1" CC="0" />
            <SP ID="P82_SP00038" WIDTH="0" HPOS="0" VPOS="0" />
            <String ID="P82_S00044" HPOS="723" VPOS="633" WIDTH="78" HEIGHT="30" STYLEREFS="StyleId-1" CONTENT="very" WC="0.9" CC="0040" />
            <SP ID="P82_SP00039" WIDTH="0" HPOS="0" VPOS="0" />
            <String ID="P82_S00045" HPOS="819" VPOS="624" WIDTH="147" HEIGHT="39" STYLEREFS="StyleId-1" CONTENT="effective" WC="0.76111114" CC="078000600" />
            <SP ID="P82_SP00040" WIDTH="0" HPOS="0" VPOS="0" />
            <String ID="P82_S00046" HPOS="993" VPOS="627" WIDTH="116" HEIGHT="39" STYLEREFS="StyleId-1" CONTENT="appeal" WC="1" CC="000000" />
            <SP ID="P82_SP00041" WIDTH="0" HPOS="0" VPOS="0" />
            <String ID="P82_S00047" HPOS="1134" VPOS="627" WIDTH="49" HEIGHT="39" STYLEREFS="StyleId-1" CONTENT="for" WC="0.716666639" CC="106" />
            <SP ID="P82_SP00042" WIDTH="0" HPOS="0" VPOS="0" />
            <String ID="P82_S00048" HPOS="1204" VPOS="629" WIDTH="87" HEIGHT="36" STYLEREFS="StyleId-1" CONTENT="their" WC="0.666" CC="02077" />
          </TextLine>
          <TextLine ID="P82_TL00007" HPOS="303" VPOS="669" WIDTH="987" HEIGHT="50">
            <String ID="P82_S00049" HPOS="303" VPOS="670" WIDTH="228" HEIGHT="39" STYLEREFS="StyleId-1" CONTENT="co-operation" WC="0.8883333" CC="000000600610" />
            <SP ID="P82_SP00043" WIDTH="0" HPOS="0" VPOS="0" />
            <String ID="P82_S00050" HPOS="548" VPOS="671" WIDTH="32" HEIGHT="39" STYLEREFS="StyleId-1" CONTENT="in" WC="0.935" CC="10" />
            <SP ID="P82_SP00044" WIDTH="0" HPOS="0" VPOS="0" />
            <String ID="P82_S00051" HPOS="599" VPOS="672" WIDTH="189" HEIGHT="40" STYLEREFS="StyleId-1" CONTENT="promoting" WC="0.877777755" CC="001000306" />
            <SP ID="P82_SP00045" WIDTH="0" HPOS="0" VPOS="0" />
            <String ID="P82_S00052" HPOS="798" VPOS="674" WIDTH="56" HEIGHT="39" STYLEREFS="StyleId-1" CONTENT="the" WC="0.6433333" CC="063" />
            <SP ID="P82_SP00046" WIDTH="0" HPOS="0" VPOS="0" />
            <String ID="P82_S00053" HPOS="872" VPOS="675" WIDTH="136" HEIGHT="38" STYLEREFS="StyleId-1" CONTENT="mission" WC="0.8042857" CC="0532200" />
            <SP ID="P82_SP00047" WIDTH="0" HPOS="0" VPOS="0" />
            <String ID="P82_S00054" HPOS="1023" VPOS="677" WIDTH="33" HEIGHT="36" STYLEREFS="StyleId-1" CONTENT="of" WC="1" CC="00" />
            <SP ID="P82_SP00048" WIDTH="0" HPOS="0" VPOS="0" />
            <String ID="P82_S00055" HPOS="1068" VPOS="677" WIDTH="57" HEIGHT="36" STYLEREFS="StyleId-1" CONTENT="the" WC="0.73" CC="061" />
            <SP ID="P82_SP00049" WIDTH="0" HPOS="0" VPOS="0" />
            <String ID="P82_S00056" HPOS="1143" VPOS="678" WIDTH="147" HEIGHT="41" STYLEREFS="StyleId-1" CONTENT="Singers." WC="0.89875" CC="05001001" />
          </TextLine>
          <TextLine ID="P82_TL00008" HPOS="345" VPOS="720" WIDTH="945" HEIGHT="45">
            <String ID="P82_S00057" HPOS="345" VPOS="720" WIDTH="50" HEIGHT="31" STYLEREFS="StyleId-1" CONTENT="To" WC="0.575" CC="61" />
            <SP ID="P82_SP00050" WIDTH="0" HPOS="0" VPOS="0" />
            <String ID="P82_S00058" HPOS="422" VPOS="732" WIDTH="108" HEIGHT="21" STYLEREFS="StyleId-1" CONTENT="crown" WC="0.964" CC="00100" />
            <SP ID="P82_SP00051" WIDTH="0" HPOS="0" VPOS="0" />
            <String ID="P82_S00059" HPOS="558" VPOS="723" WIDTH="95" HEIGHT="30" STYLEREFS="StyleId-1" CONTENT="these" WC="0.886" CC="05000" />
            <SP ID="P82_SP00052" WIDTH="0" HPOS="0" VPOS="0" />
            <String ID="P82_S00060" HPOS="681" VPOS="723" WIDTH="126" HEIGHT="40" STYLEREFS="StyleId-1" CONTENT="helpful" WC="0.731428564" CC="5070023" />
            <SP ID="P82_SP00053" WIDTH="0" HPOS="0" VPOS="0" />
            <String ID="P82_S00061" HPOS="836" VPOS="726" WIDTH="110" HEIGHT="38" STYLEREFS="StyleId-1" CONTENT="efforts" WC="0.7" CC="0704404" />
            <SP ID="P82_SP00054" WIDTH="0" HPOS="0" VPOS="0" />
            <String ID="P82_S00062" HPOS="976" VPOS="731" WIDTH="33" HEIGHT="33" STYLEREFS="StyleId-1" CONTENT="to" WC="1" CC="00" />
            <SP ID="P82_SP00055" WIDTH="0" HPOS="0" VPOS="0" />
            <String ID="P82_S00063" HPOS="1034" VPOS="727" WIDTH="138" HEIGHT="36" STYLEREFS="StyleId-1" CONTENT="forward" WC="0.942857146" CC="0030000" />
            <SP ID="P82_SP00056" WIDTH="0" HPOS="0" VPOS="0" />
            <String ID="P82_S00064" HPOS="1205" VPOS="730" WIDTH="86" HEIGHT="33" STYLEREFS="StyleId-1" CONTENT="their" WC="0.706" CC="04045" />
          </TextLine>
          <TextLine ID="P82_TL00009" HPOS="302" VPOS="771" WIDTH="988" HEIGHT="46">
            <String ID="P82_S00065" HPOS="302" VPOS="772" WIDTH="90" HEIGHT="31" STYLEREFS="StyleId-1" CONTENT="work" WC="1" CC="0000" />
            <SP ID="P82_SP00057" WIDTH="0" HPOS="0" VPOS="0" />
            <String ID="P82_S00066" HPOS="409" VPOS="772" WIDTH="33" HEIGHT="31" STYLEREFS="StyleId-1" CONTENT="in" WC="0.76" CC="30" />
            <SP ID="P82_SP00058" WIDTH="0" HPOS="0" VPOS="0" />
            <String ID="P82_S00067" HPOS="462" VPOS="774" WIDTH="171" HEIGHT="37" STYLEREFS="StyleId-1" CONTENT="Scotland," WC="0.914444447" CC="002000004" />
            <SP ID="P82_SP00059" WIDTH="0" HPOS="0" VPOS="0" />
            <String ID="P82_S00068" HPOS="652" VPOS="774" WIDTH="51" HEIGHT="37" STYLEREFS="StyleId-1" CONTENT="his" WC="0.723333359" CC="312" />
            <SP ID="P82_SP00060" WIDTH="0" HPOS="0" VPOS="0" />
            <String ID="P82_S00069" HPOS="721" VPOS="775" WIDTH="165" HEIGHT="41" STYLEREFS="StyleId-1" CONTENT="Lordship" WC="0.82625" CC="31000530" />
            <SP ID="P82_SP00061" WIDTH="0" HPOS="0" VPOS="0" />
            <String ID="P82_S00070" HPOS="904" VPOS="777" WIDTH="117" HEIGHT="39" STYLEREFS="StyleId-1" CONTENT="placed" WC="1" CC="000000" />
            <SP ID="P82_SP00062" WIDTH="0" HPOS="0" VPOS="0" />
            <String ID="P82_S00071" HPOS="1045" VPOS="778" WIDTH="33" HEIGHT="38" STYLEREFS="StyleId-1" CONTENT="in" WC="0.675" CC="60" />
            <SP ID="P82_SP00063" WIDTH="0" HPOS="0" VPOS="0" />
            <String ID="P82_S00072" HPOS="1104" VPOS="780" WIDTH="62" HEIGHT="36" STYLEREFS="StyleId-1" CONTENT="Mr." WC="0.6533333" CC="153" />
            <SP ID="P82_SP00064" WIDTH="0" HPOS="0" VPOS="0" />
            <String ID="P82_S00073" HPOS="1181" VPOS="780" WIDTH="109" HEIGHT="36" STYLEREFS="StyleId-1" CONTENT="Pike's" WC="0.6616667" CC="530145" />
          </TextLine>
          <TextLine ID="P82_TL00010" HPOS="303" VPOS="822" WIDTH="987" HEIGHT="49">
            <String ID="P82_S00074" HPOS="303" VPOS="823" WIDTH="119" HEIGHT="38" STYLEREFS="StyleId-1" CONTENT="hands," WC="0.8183333" CC="600012" />
            <SP ID="P82_SP00065" WIDTH="0" HPOS="0" VPOS="0" />
            <String ID="P82_S00075" HPOS="447" VPOS="824" WIDTH="109" HEIGHT="37" STYLEREFS="StyleId-1" CONTENT="before" WC="0.91" CC="000050" />
            <SP ID="P82_SP00066" WIDTH="0" HPOS="0" VPOS="0" />
            <String ID="P82_S00076" HPOS="579" VPOS="825" WIDTH="87" HEIGHT="36" STYLEREFS="StyleId-1" CONTENT="their" WC="0.62" CC="07065" />
            <SP ID="P82_SP00067" WIDTH="0" HPOS="0" VPOS="0" />
            <String ID="P82_S00077" HPOS="689" VPOS="825" WIDTH="174" HEIGHT="40" STYLEREFS="StyleId-1" CONTENT="departure" WC="0.8666667" CC="000040412" />
            <SP ID="P82_SP00068" WIDTH="0" HPOS="0" VPOS="0" />
            <String ID="P82_S00078" HPOS="884" VPOS="828" WIDTH="83" HEIGHT="38" STYLEREFS="StyleId-1" CONTENT="from" WC="0.62" CC="0238" />
            <SP ID="P82_SP00069" WIDTH="0" HPOS="0" VPOS="0" />
            <String ID="P82_S00079" HPOS="988" VPOS="830" WIDTH="113" HEIGHT="36" STYLEREFS="StyleId-1" CONTENT="Castle" WC="0.858333349" CC="001070" />
            <SP ID="P82_SP00070" WIDTH="0" HPOS="0" VPOS="0" />
            <String ID="P82_S00080" HPOS="1122" VPOS="831" WIDTH="168" HEIGHT="41" STYLEREFS="StyleId-1" CONTENT="Wemyss," WC="0.96" CC="0000020" />
          </TextLine>
          <TextLine ID="P82_TL00011" HPOS="304" VPOS="875" WIDTH="984" HEIGHT="39">
            <String ID="P82_S00081" HPOS="304" VPOS="875" WIDTH="114" HEIGHT="31" STYLEREFS="StyleId-1" CONTENT="letters" WC="0.88" CC="2000050" />
            <SP ID="P82_SP00071" WIDTH="0" HPOS="0" VPOS="0" />
            <String ID="P82_S00082" HPOS="435" VPOS="876" WIDTH="34" HEIGHT="30" STYLEREFS="StyleId-1" CONTENT="of" WC="0.52" CC="45" />
            <SP ID="P82_SP00072" WIDTH="0" HPOS="0" VPOS="0" />
            <String ID="P82_S00083" HPOS="484" VPOS="876" WIDTH="223" HEIGHT="32" STYLEREFS="StyleId-1" CONTENT="introduction" WC="0.730833352" CC="172510000534" />
            <SP ID="P82_SP00073" WIDTH="0" HPOS="0" VPOS="0" />
            <String ID="P82_S00084" HPOS="725" VPOS="881" WIDTH="34" HEIGHT="27" STYLEREFS="StyleId-1" CONTENT="to" WC="0.62" CC="16" />
            <SP ID="P82_SP00074" WIDTH="0" HPOS="0" VPOS="0" />
            <String ID="P82_S00085" HPOS="780" VPOS="878" WIDTH="56" HEIGHT="30" STYLEREFS="StyleId-1" CONTENT="the" WC="0.91" CC="020" />
            <SP ID="P82_SP00075" WIDTH="0" HPOS="0" VPOS="0" />
            <String ID="P82_S00086" HPOS="862" VPOS="878" WIDTH="88" HEIGHT="31" STYLEREFS="StyleId-1" CONTENT="Lord" WC="0.8225" CC="0150" />
            <SP ID="P82_SP00076" WIDTH="0" HPOS="0" VPOS="0" />
            <String ID="P82_S00087" HPOS="977" VPOS="881" WIDTH="138" HEIGHT="30" STYLEREFS="StyleId-1" CONTENT="Provost" WC="0.81" CC="5600100" />
            <SP ID="P82_SP00077" WIDTH="0" HPOS="0" VPOS="0" />
            <String ID="P82_S00088" HPOS="1139" VPOS="882" WIDTH="35" HEIGHT="30" STYLEREFS="StyleId-1" CONTENT="of" WC="0.735" CC="22" />
            <SP ID="P82_SP00078" WIDTH="0" HPOS="0" VPOS="0" />
            <String ID="P82_S00089" HPOS="1195" VPOS="884" WIDTH="93" HEIGHT="30" STYLEREFS="StyleId-1" CONTENT="Glas¬" WC="0.558" CC="54254" />
          </TextLine>
          <TextLine ID="P82_TL00012" HPOS="303" VPOS="926" WIDTH="990" HEIGHT="45">
            <String ID="P82_S00090" HPOS="303" VPOS="936" WIDTH="83" HEIGHT="30" STYLEREFS="StyleId-1" CONTENT="gow," WC="0.835" CC="0501" />
            <SP ID="P82_SP00079" WIDTH="0" HPOS="0" VPOS="0" />
            <String ID="P82_S00091" HPOS="405" VPOS="927" WIDTH="65" HEIGHT="39" STYLEREFS="StyleId-1" CONTENT="and" WC="1" CC="000" />
            <SP ID="P82_SP00080" WIDTH="0" HPOS="0" VPOS="0" />
            <String ID="P82_S00092" HPOS="496" VPOS="927" WIDTH="57" HEIGHT="39" STYLEREFS="StyleId-1" CONTENT="the" WC="0.82" CC="050" />
            <SP ID="P82_SP00081" WIDTH="0" HPOS="0" VPOS="0" />
            <String ID="P82_S00093" HPOS="581" VPOS="927" WIDTH="89" HEIGHT="39" STYLEREFS="StyleId-1" CONTENT="Lord" WC="0.8725" CC="0500" />
            <SP ID="P82_SP00082" WIDTH="0" HPOS="0" VPOS="0" />
            <String ID="P82_S00094" HPOS="699" VPOS="928" WIDTH="138" HEIGHT="38" STYLEREFS="StyleId-1" CONTENT="Provost" WC="0.9557143" CC="0030000" />
            <SP ID="P82_SP00083" WIDTH="0" HPOS="0" VPOS="0" />
            <String ID="P82_S00095" HPOS="865" VPOS="929" WIDTH="34" HEIGHT="37" STYLEREFS="StyleId-1" CONTENT="of" WC="0.83" CC="30" />
            <SP ID="P82_SP00084" WIDTH="0" HPOS="0" VPOS="0" />
            <String ID="P82_S00096" HPOS="925" VPOS="930" WIDTH="207" HEIGHT="41" STYLEREFS="StyleId-1" CONTENT="Edinburgh." WC="0.711" CC="6040620043" />
            <SP ID="P82_SP00085" WIDTH="0" HPOS="0" VPOS="0" />
            <String ID="P82_S00097" HPOS="1189" VPOS="933" WIDTH="104" HEIGHT="38" STYLEREFS="StyleId-1" CONTENT="Their" WC="0.478" CC="75057" />
          </TextLine>
          <TextLine ID="P82_TL00013" HPOS="305" VPOS="977" WIDTH="984" HEIGHT="38">
            <String ID="P82_S00098" HPOS="304" VPOS="982" WIDTH="154" HEIGHT="27" STYLEREFS="StyleId-1" CONTENT="contents" WC="0.7825" CC="00700404" />
            <SP ID="P82_SP00086" WIDTH="0" HPOS="0" VPOS="0" />
            <String ID="P82_S00099" HPOS="476" VPOS="988" WIDTH="84" HEIGHT="21" STYLEREFS="StyleId-1" CONTENT="were" WC="0.9175" CC="0300" />
            <SP ID="P82_SP00087" WIDTH="0" HPOS="0" VPOS="0" />
            <String ID="P82_S00100" HPOS="585" VPOS="983" WIDTH="33" HEIGHT="27" STYLEREFS="StyleId-1" CONTENT="at" WC="0.71" CC="05" />
            <SP ID="P82_SP00088" WIDTH="0" HPOS="0" VPOS="0" />
            <String ID="P82_S00101" HPOS="642" VPOS="978" WIDTH="74" HEIGHT="31" STYLEREFS="StyleId-1" CONTENT="that" WC="0.895" CC="0400" />
            <SP ID="P82_SP00089" WIDTH="0" HPOS="0" VPOS="0" />
            <String ID="P82_S00102" HPOS="741" VPOS="980" WIDTH="79" HEIGHT="30" STYLEREFS="StyleId-1" CONTENT="time" WC="0.9475" CC="0200" />
            <SP ID="P82_SP00090" WIDTH="0" HPOS="0" VPOS="0" />
            <String ID="P82_S00103" HPOS="846" VPOS="980" WIDTH="178" HEIGHT="33" STYLEREFS="StyleId-1" CONTENT="unknown." WC="0.8625" CC="70000004" />
            <SP ID="P82_SP00091" WIDTH="0" HPOS="0" VPOS="0" />
            <String ID="P82_S00104" HPOS="1072" VPOS="984" WIDTH="101" HEIGHT="30" STYLEREFS="StyleId-1" CONTENT="Least" WC="0.948" CC="02000" />
            <SP ID="P82_SP00092" WIDTH="0" HPOS="0" VPOS="0" />
            <String ID="P82_S00105" HPOS="1191" VPOS="984" WIDTH="34" HEIGHT="30" STYLEREFS="StyleId-1" CONTENT="of" WC="0.96" CC="00" />
            <SP ID="P82_SP00093" WIDTH="0" HPOS="0" VPOS="0" />
            <String ID="P82_S00106" HPOS="1245" VPOS="985" WIDTH="43" HEIGHT="30" STYLEREFS="StyleId-1" CONTENT="all" WC="1" CC="000" />
          </TextLine>
          <TextLine ID="P82_TL00014" HPOS="304" VPOS="1028" WIDTH="984" HEIGHT="46">
            <String ID="P82_S00107" HPOS="304" VPOS="1040" WIDTH="69" HEIGHT="20" STYLEREFS="StyleId-1" CONTENT="was" WC="0.78" CC="033" />
            <SP ID="P82_SP00094" WIDTH="0" HPOS="0" VPOS="0" />
            <String ID="P82_S00108" HPOS="390" VPOS="1029" WIDTH="24" HEIGHT="30" STYLEREFS="StyleId-1" CONTENT="it" WC="0.925" CC="10" />
            <SP ID="P82_SP00095" WIDTH="0" HPOS="0" VPOS="0" />
            <String ID="P82_S00109" HPOS="432" VPOS="1030" WIDTH="175" HEIGHT="39" STYLEREFS="StyleId-1" CONTENT="suspected" WC="0.9777778" CC="010000000" />
            <SP ID="P82_SP00096" WIDTH="0" HPOS="0" VPOS="0" />
            <String ID="P82_S00110" HPOS="624" VPOS="1030" WIDTH="74" HEIGHT="39" STYLEREFS="StyleId-1" CONTENT="that" WC="0.7925" CC="0710" />
            <SP ID="P82_SP00097" WIDTH="0" HPOS="0" VPOS="0" />
            <String ID="P82_S00111" HPOS="715" VPOS="1029" WIDTH="79" HEIGHT="41" STYLEREFS="StyleId-1" CONTENT="they" WC="0.8475" CC="0600" />
            <SP ID="P82_SP00098" WIDTH="0" HPOS="0" VPOS="0" />
            <String ID="P82_S00112" HPOS="811" VPOS="1032" WIDTH="176" HEIGHT="39" STYLEREFS="StyleId-1" CONTENT="contained" WC="0.8522222" CC="004002600" />
            <SP ID="P82_SP00099" WIDTH="0" HPOS="0" VPOS="0" />
            <String ID="P82_S00113" HPOS="1011" VPOS="1044" WIDTH="19" HEIGHT="27" STYLEREFS="StyleId-1" CONTENT="a" WC="1" CC="0" />
            <SP ID="P82_SP00100" WIDTH="0" HPOS="0" VPOS="0" />
            <String ID="P82_S00114" HPOS="1047" VPOS="1035" WIDTH="152" HEIGHT="38" STYLEREFS="StyleId-1" CONTENT="proposal" WC="0.8925" CC="00600002" />
            <SP ID="P82_SP00101" WIDTH="0" HPOS="0" VPOS="0" />
            <String ID="P82_S00115" HPOS="1216" VPOS="1035" WIDTH="72" HEIGHT="38" STYLEREFS="StyleId-1" CONTENT="that" WC="0.8225" CC="0700" />
          </TextLine>
          <TextLine ID="P82_TL00015" HPOS="305" VPOS="1079" WIDTH="984" HEIGHT="45">
            <String ID="P82_S00116" HPOS="305" VPOS="1080" WIDTH="57" HEIGHT="31" STYLEREFS="StyleId-1" CONTENT="the" WC="0.66" CC="073" />
            <SP ID="P82_SP00102" WIDTH="0" HPOS="0" VPOS="0" />
            <String ID="P82_S00117" HPOS="390" VPOS="1080" WIDTH="196" HEIGHT="32" STYLEREFS="StyleId-1" CONTENT="authorities" WC="0.8518182" CC="00060040500" />
            <SP ID="P82_SP00103" WIDTH="0" HPOS="0" VPOS="0" />
            <String ID="P82_S00118" HPOS="613" VPOS="1081" WIDTH="34" HEIGHT="30" STYLEREFS="StyleId-1" CONTENT="of" WC="0.575" CC="53" />
            <SP ID="P82_SP00104" WIDTH="0" HPOS="0" VPOS="0" />
            <String ID="P82_S00119" HPOS="672" VPOS="1081" WIDTH="156" HEIGHT="39" STYLEREFS="StyleId-1" CONTENT="Glasgow" WC="0.7285714" CC="2109050" />
            <SP ID="P82_SP00105" WIDTH="0" HPOS="0" VPOS="0" />
            <String ID="P82_S00120" HPOS="853" VPOS="1083" WIDTH="64" HEIGHT="38" STYLEREFS="StyleId-1" CONTENT="and" WC="1" CC="000" />
            <SP ID="P82_SP00106" WIDTH="0" HPOS="0" VPOS="0" />
            <String ID="P82_S00121" HPOS="945" VPOS="1083" WIDTH="194" HEIGHT="40" STYLEREFS="StyleId-1" CONTENT="Edinburgh" WC="0.9166667" CC="300000004" />
            <SP ID="P82_SP00107" WIDTH="0" HPOS="0" VPOS="0" />
            <String ID="P82_S00122" HPOS="1172" VPOS="1086" WIDTH="117" HEIGHT="38" STYLEREFS="StyleId-1" CONTENT="should" WC="0.668333352" CC="474030" />
          </TextLine>
          <TextLine ID="P82_TL00016" HPOS="305" VPOS="1131" WIDTH="984" HEIGHT="44">
            <String ID="P82_S00123" HPOS="305" VPOS="1136" WIDTH="75" HEIGHT="27" STYLEREFS="StyleId-1" CONTENT="vote" WC="0.6675" CC="8040" />
            <SP ID="P82_SP00108" WIDTH="0" HPOS="0" VPOS="0" />
            <String ID="P82_S00124" HPOS="399" VPOS="1143" WIDTH="18" HEIGHT="20" STYLEREFS="StyleId-1" CONTENT="a" WC="1" CC="0" />
            <SP ID="P82_SP00109" WIDTH="0" HPOS="0" VPOS="0" />
            <String ID="P82_S00125" HPOS="433" VPOS="1131" WIDTH="156" HEIGHT="31" STYLEREFS="StyleId-1" CONTENT="welcome" WC="0.872857153" CC="0030500" />
            <SP ID="P82_SP00110" WIDTH="0" HPOS="0" VPOS="0" />
            <String ID="P82_S00126" HPOS="606" VPOS="1136" WIDTH="34" HEIGHT="27" STYLEREFS="StyleId-1" CONTENT="to" WC="1" CC="00" />
            <SP ID="P82_SP00111" WIDTH="0" HPOS="0" VPOS="0" />
            <String ID="P82_S00127" HPOS="657" VPOS="1132" WIDTH="57" HEIGHT="30" STYLEREFS="StyleId-1" CONTENT="the" WC="0.98" CC="000" />
            <SP ID="P82_SP00112" WIDTH="0" HPOS="0" VPOS="0" />
            <String ID="P82_S00128" HPOS="728" VPOS="1132" WIDTH="144" HEIGHT="39" STYLEREFS="StyleId-1" CONTENT="Singers," WC="0.705" CC="44500504" />
            <SP ID="P82_SP00113" WIDTH="0" HPOS="0" VPOS="0" />
            <String ID="P82_S00129" HPOS="888" VPOS="1133" WIDTH="64" HEIGHT="39" STYLEREFS="StyleId-1" CONTENT="and" WC="1" CC="000" />
            <SP ID="P82_SP00114" WIDTH="0" HPOS="0" VPOS="0" />
            <String ID="P82_S00130" HPOS="968" VPOS="1134" WIDTH="94" HEIGHT="40" STYLEREFS="StyleId-1" CONTENT="bring" WC="0.614" CC="71640" />
            <SP ID="P82_SP00115" WIDTH="0" HPOS="0" VPOS="0" />
            <String ID="P82_S00131" HPOS="1072" VPOS="1135" WIDTH="90" HEIGHT="39" STYLEREFS="StyleId-1" CONTENT="them" WC="0.64" CC="0535" />
            <SP ID="P82_SP00116" WIDTH="0" HPOS="0" VPOS="0" />
            <String ID="P82_S00132" HPOS="1180" VPOS="1136" WIDTH="108" HEIGHT="38" STYLEREFS="StyleId-1" CONTENT="before" WC="0.6816667" CC="605070" />
          </TextLine>
          <TextLine ID="P82_TL00017" HPOS="305" VPOS="1181" WIDTH="981" HEIGHT="45">
            <String ID="P82_S00133" HPOS="305" VPOS="1183" WIDTH="55" HEIGHT="30" STYLEREFS="StyleId-1" CONTENT="the" WC="0.7733333" CC="060" />
            <SP ID="P82_SP00117" WIDTH="0" HPOS="0" VPOS="0" />
            <String ID="P82_S00134" HPOS="379" VPOS="1183" WIDTH="108" HEIGHT="40" STYLEREFS="StyleId-1" CONTENT="public" WC="0.841666639" CC="007100" />
            <SP ID="P82_SP00118" WIDTH="0" HPOS="0" VPOS="0" />
            <String ID="P82_S00135" HPOS="507" VPOS="1184" WIDTH="103" HEIGHT="39" STYLEREFS="StyleId-1" CONTENT="under" WC="0.718" CC="04026" />
            <SP ID="P82_SP00119" WIDTH="0" HPOS="0" VPOS="0" />
            <String ID="P82_S00136" HPOS="627" VPOS="1182" WIDTH="55" HEIGHT="41" STYLEREFS="StyleId-1" CONTENT="the" WC="0.776666641" CC="060" />
            <SP ID="P82_SP00120" WIDTH="0" HPOS="0" VPOS="0" />
            <String ID="P82_S00137" HPOS="701" VPOS="1184" WIDTH="150" HEIGHT="39" STYLEREFS="StyleId-1" CONTENT="auspices" WC="0.95625" CC="00001002" />
            <SP ID="P82_SP00121" WIDTH="0" HPOS="0" VPOS="0" />
            <String ID="P82_S00138" HPOS="870" VPOS="1184" WIDTH="33" HEIGHT="39" STYLEREFS="StyleId-1" CONTENT="of" WC="0.99" CC="00" />
            <SP ID="P82_SP00122" WIDTH="0" HPOS="0" VPOS="0" />
            <String ID="P82_S00139" HPOS="924" VPOS="1184" WIDTH="56" HEIGHT="39" STYLEREFS="StyleId-1" CONTENT="the" WC="0.873333335" CC="030" />
            <SP ID="P82_SP00123" WIDTH="0" HPOS="0" VPOS="0" />
            <String ID="P82_S00140" HPOS="999" VPOS="1185" WIDTH="20" HEIGHT="38" STYLEREFS="StyleId-1" CONTENT="&quot;" WC="0.8" CC="2" />
            <SP ID="P82_SP00124" WIDTH="0" HPOS="0" VPOS="0" />
            <String ID="P82_S00141" HPOS="1032" VPOS="1185" WIDTH="87" HEIGHT="38" STYLEREFS="StyleId-1" CONTENT="Lord" WC="0.92" CC="0020" />
            <SP ID="P82_SP00125" WIDTH="0" HPOS="0" VPOS="0" />
            <String ID="P82_S00142" HPOS="1139" VPOS="1186" WIDTH="147" HEIGHT="39" STYLEREFS="StyleId-1" CONTENT="Provost," WC="0.85625" CC="37000001" />
          </TextLine>
          <TextLine ID="P82_TL00018" HPOS="304" VPOS="1231" WIDTH="984" HEIGHT="46">
            <String ID="P82_S00143" HPOS="304" VPOS="1234" WIDTH="57" HEIGHT="31" STYLEREFS="StyleId-1" CONTENT="the" WC="0.89" CC="030" />
            <SP ID="P82_SP00126" WIDTH="0" HPOS="0" VPOS="0" />
            <String ID="P82_S00144" HPOS="387" VPOS="1234" WIDTH="224" HEIGHT="40" STYLEREFS="StyleId-1" CONTENT="magistrates," WC="0.896666646" CC="000500000014" />
            <SP ID="P82_SP00127" WIDTH="0" HPOS="0" VPOS="0" />
            <String ID="P82_S00145" HPOS="630" VPOS="1234" WIDTH="64" HEIGHT="40" STYLEREFS="StyleId-1" CONTENT="and" WC="1" CC="000" />
            <SP ID="P82_SP00128" WIDTH="0" HPOS="0" VPOS="0" />
            <String ID="P82_S00146" HPOS="726" VPOS="1234" WIDTH="57" HEIGHT="40" STYLEREFS="StyleId-1" CONTENT="the" WC="0.876666665" CC="030" />
            <SP ID="P82_SP00129" WIDTH="0" HPOS="0" VPOS="0" />
            <String ID="P82_S00147" HPOS="810" VPOS="1233" WIDTH="104" HEIGHT="41" STYLEREFS="StyleId-1" CONTENT="Town" WC="0.9375" CC="0200" />
            <SP ID="P82_SP00130" WIDTH="0" HPOS="0" VPOS="0" />
            <String ID="P82_S00148" HPOS="944" VPOS="1236" WIDTH="166" HEIGHT="39" STYLEREFS="StyleId-1" CONTENT="Council&quot;" WC="0.8975" CC="00000007" />
            <SP ID="P82_SP00131" WIDTH="0" HPOS="0" VPOS="0" />
            <String ID="P82_S00149" HPOS="1140" VPOS="1237" WIDTH="34" HEIGHT="37" STYLEREFS="StyleId-1" CONTENT="of" WC="0.725" CC="50" />
            <SP ID="P82_SP00132" WIDTH="0" HPOS="0" VPOS="0" />
            <String ID="P82_S00150" HPOS="1195" VPOS="1238" WIDTH="93" HEIGHT="36" STYLEREFS="StyleId-1" CONTENT="these" WC="0.836" CC="05020" />
          </TextLine>
          <TextLine ID="P82_TL00019" HPOS="304" VPOS="1284" WIDTH="984" HEIGHT="44">
            <String ID="P82_S00151" HPOS="304" VPOS="1289" WIDTH="66" HEIGHT="27" STYLEREFS="StyleId-1" CONTENT="two" WC="0.99666667" CC="000" />
            <SP ID="P82_SP00133" WIDTH="0" HPOS="0" VPOS="0" />
            <String ID="P82_S00152" HPOS="398" VPOS="1285" WIDTH="132" HEIGHT="39" STYLEREFS="StyleId-1" CONTENT="leading" WC="0.888571441" CC="2000500" />
            <SP ID="P82_SP00134" WIDTH="0" HPOS="0" VPOS="0" />
            <String ID="P82_S00153" HPOS="558" VPOS="1285" WIDTH="94" HEIGHT="39" STYLEREFS="StyleId-1" CONTENT="cities" WC="0.918333352" CC="000400" />
            <SP ID="P82_SP00135" WIDTH="0" HPOS="0" VPOS="0" />
            <String ID="P82_S00154" HPOS="669" VPOS="1285" WIDTH="5" HEIGHT="39" STYLEREFS="StyleId-1" CONTENT="!" WC="1" CC="0" />
            <SP ID="P82_SP00136" WIDTH="0" HPOS="0" VPOS="0" />
            <String ID="P82_S00155" HPOS="736" VPOS="1286" WIDTH="141" HEIGHT="39" STYLEREFS="StyleId-1" CONTENT="Reports" WC="0.871428549" CC="2000402" />
            <SP ID="P82_SP00137" WIDTH="0" HPOS="0" VPOS="0" />
            <String ID="P82_S00156" HPOS="909" VPOS="1286" WIDTH="35" HEIGHT="39" STYLEREFS="StyleId-1" CONTENT="of" WC="0.635" CC="51" />
            <SP ID="P82_SP00138" WIDTH="0" HPOS="0" VPOS="0" />
            <String ID="P82_S00157" HPOS="966" VPOS="1287" WIDTH="66" HEIGHT="39" STYLEREFS="StyleId-1" CONTENT="this" WC="0.6975" CC="0343" />
            <SP ID="P82_SP00139" WIDTH="0" HPOS="0" VPOS="0" />
            <String ID="P82_S00158" HPOS="1057" VPOS="1287" WIDTH="175" HEIGHT="40" STYLEREFS="StyleId-1" CONTENT="gathering" WC="0.873333335" CC="000600400" />
            <SP ID="P82_SP00140" WIDTH="0" HPOS="0" VPOS="0" />
            <String ID="P82_S00159" HPOS="1255" VPOS="1293" WIDTH="33" HEIGHT="35" STYLEREFS="StyleId-1" CONTENT="at" WC="1" CC="00" />
          </TextLine>
          <TextLine ID="P82_TL00020" HPOS="306" VPOS="1335" WIDTH="984" HEIGHT="45">
            <String ID="P82_S00160" HPOS="306" VPOS="1337" WIDTH="113" HEIGHT="30" STYLEREFS="StyleId-1" CONTENT="Castle" WC="0.88166666" CC="000024" />
            <SP ID="P82_SP00141" WIDTH="0" HPOS="0" VPOS="0" />
            <String ID="P82_S00161" HPOS="445" VPOS="1337" WIDTH="157" HEIGHT="39" STYLEREFS="StyleId-1" CONTENT="Wemyss" WC="0.966666639" CC="000002" />
            <SP ID="P82_SP00142" WIDTH="0" HPOS="0" VPOS="0" />
            <String ID="P82_S00162" HPOS="628" VPOS="1336" WIDTH="65" HEIGHT="40" STYLEREFS="StyleId-1" CONTENT="had" WC="0.77" CC="600" />
            <SP ID="P82_SP00143" WIDTH="0" HPOS="0" VPOS="0" />
            <String ID="P82_S00163" HPOS="722" VPOS="1337" WIDTH="186" HEIGHT="39" STYLEREFS="StyleId-1" CONTENT="prominent" WC="0.854444444" CC="030060030" />
            <SP ID="P82_SP00144" WIDTH="0" HPOS="0" VPOS="0" />
            <String ID="P82_S00164" HPOS="937" VPOS="1337" WIDTH="92" HEIGHT="39" STYLEREFS="StyleId-1" CONTENT="place" WC="0.812" CC="04004" />
            <SP ID="P82_SP00145" WIDTH="0" HPOS="0" VPOS="0" />
            <String ID="P82_S00165" HPOS="1061" VPOS="1338" WIDTH="33" HEIGHT="38" STYLEREFS="StyleId-1" CONTENT="in" WC="0.72" CC="05" />
            <SP ID="P82_SP00146" WIDTH="0" HPOS="0" VPOS="0" />
            <String ID="P82_S00166" HPOS="1123" VPOS="1338" WIDTH="55" HEIGHT="38" STYLEREFS="StyleId-1" CONTENT="the" WC="0.8666667" CC="040" />
            <SP ID="P82_SP00147" WIDTH="0" HPOS="0" VPOS="0" />
            <String ID="P82_S00167" HPOS="1203" VPOS="1340" WIDTH="87" HEIGHT="39" STYLEREFS="StyleId-1" CONTENT="daily" WC="0.824" CC="00520" />
          </TextLine>
          <TextLine ID="P82_TL00021" HPOS="304" VPOS="1386" WIDTH="983" HEIGHT="45">
            <String ID="P82_S00168" HPOS="304" VPOS="1398" WIDTH="128" HEIGHT="30" STYLEREFS="StyleId-1" CONTENT="papers," WC="0.877142847" CC="0000404" />
            <SP ID="P82_SP00148" WIDTH="0" HPOS="0" VPOS="0" />
            <String ID="P82_S00169" HPOS="447" VPOS="1387" WIDTH="150" HEIGHT="40" STYLEREFS="StyleId-1" CONTENT="kindling" WC="0.835" CC="07002300" />
            <SP ID="P82_SP00149" WIDTH="0" HPOS="0" VPOS="0" />
            <String ID="P82_S00170" HPOS="615" VPOS="1398" WIDTH="18" HEIGHT="29" STYLEREFS="StyleId-1" CONTENT="a" WC="1" CC="0" />
            <SP ID="P82_SP00150" WIDTH="0" HPOS="0" VPOS="0" />
            <String ID="P82_S00171" HPOS="650" VPOS="1388" WIDTH="131" HEIGHT="39" STYLEREFS="StyleId-1" CONTENT="general" WC="0.917142868" CC="0000500" />
            <SP ID="P82_SP00151" WIDTH="0" HPOS="0" VPOS="0" />
            <String ID="P82_S00172" HPOS="800" VPOS="1388" WIDTH="104" HEIGHT="39" STYLEREFS="StyleId-1" CONTENT="desire" WC="0.87833333" CC="000403" />
            <SP ID="P82_SP00152" WIDTH="0" HPOS="0" VPOS="0" />
            <String ID="P82_S00173" HPOS="921" VPOS="1392" WIDTH="33" HEIGHT="36" STYLEREFS="StyleId-1" CONTENT="to" WC="0.705" CC="50" />
            <SP ID="P82_SP00153" WIDTH="0" HPOS="0" VPOS="0" />
            <String ID="P82_S00174" HPOS="973" VPOS="1389" WIDTH="78" HEIGHT="39" STYLEREFS="StyleId-1" CONTENT="hear" WC="0.685" CC="6006" />
            <SP ID="P82_SP00154" WIDTH="0" HPOS="0" VPOS="0" />
            <String ID="P82_S00175" HPOS="1067" VPOS="1389" WIDTH="57" HEIGHT="38" STYLEREFS="StyleId-1" CONTENT="the" WC="0.6766667" CC="054" />
            <SP ID="P82_SP00155" WIDTH="0" HPOS="0" VPOS="0" />
            <String ID="P82_S00176" HPOS="1143" VPOS="1389" WIDTH="144" HEIGHT="40" STYLEREFS="StyleId-1" CONTENT="Singers." WC="0.80375" CC="06000603" />
          </TextLine>
          <TextLine ID="P82_TL00022" HPOS="345" VPOS="1437" WIDTH="941" HEIGHT="43">
            <String ID="P82_S00177" HPOS="345" VPOS="1440" WIDTH="28" HEIGHT="30" STYLEREFS="StyleId-1" CONTENT="A" WC="1" CC="0" />
            <SP ID="P82_SP00156" WIDTH="0" HPOS="0" VPOS="0" />
            <String ID="P82_S00178" HPOS="391" VPOS="1439" WIDTH="101" HEIGHT="30" STYLEREFS="StyleId-1" CONTENT="series" WC="0.74333334" CC="0010500" />
            <SP ID="P82_SP00157" WIDTH="0" HPOS="0" VPOS="0" />
            <String ID="P82_S00179" HPOS="504" VPOS="1439" WIDTH="35" HEIGHT="30" STYLEREFS="StyleId-1" CONTENT="of" WC="0.78" CC="40" />
            <SP ID="P82_SP00158" WIDTH="0" HPOS="0" VPOS="0" />
            <String ID="P82_S00180" HPOS="553" VPOS="1439" WIDTH="182" HEIGHT="31" STYLEREFS="StyleId-1" CONTENT="successful" WC="0.812" CC="0500010541" />
            <SP ID="P82_SP00159" WIDTH="0" HPOS="0" VPOS="0" />
            <String ID="P82_S00181" HPOS="750" VPOS="1443" WIDTH="150" HEIGHT="27" STYLEREFS="StyleId-1" CONTENT="concerts" WC="0.8075" CC="04600400" />
            <SP ID="P82_SP00160" WIDTH="0" HPOS="0" VPOS="0" />
            <String ID="P82_S00182" HPOS="913" VPOS="1439" WIDTH="161" HEIGHT="31" STYLEREFS="StyleId-1" CONTENT="followed." WC="0.7677778" CC="045340003" />
            <SP ID="P82_SP00161" WIDTH="0" HPOS="0" VPOS="0" />
            <String ID="P82_S00183" HPOS="1121" VPOS="1441" WIDTH="42" HEIGHT="29" STYLEREFS="StyleId-1" CONTENT="At" WC="1" CC="00" />
            <SP ID="P82_SP00162" WIDTH="0" HPOS="0" VPOS="0" />
            <String ID="P82_S00184" HPOS="1182" VPOS="1442" WIDTH="105" HEIGHT="39" STYLEREFS="StyleId-1" CONTENT="Largs" WC="0.778" CC="00406" />
          </TextLine>
          <TextLine ID="P82_TL00023" HPOS="303" VPOS="1488" WIDTH="984" HEIGHT="45">
            <String ID="P82_S00185" HPOS="303" VPOS="1490" WIDTH="56" HEIGHT="30" STYLEREFS="StyleId-1" CONTENT="the" WC="0.81" CC="050" />
            <SP ID="P82_SP00163" WIDTH="0" HPOS="0" VPOS="0" />
            <String ID="P82_S00186" HPOS="376" VPOS="1494" WIDTH="113" HEIGHT="35" STYLEREFS="StyleId-1" CONTENT="pastor" WC="0.905" CC="000005" />
            <SP ID="P82_SP00164" WIDTH="0" HPOS="0" VPOS="0" />
            <String ID="P82_S00187" HPOS="506" VPOS="1490" WIDTH="34" HEIGHT="39" STYLEREFS="StyleId-1" CONTENT="of" WC="0.805" CC="03" />
            <SP ID="P82_SP00165" WIDTH="0" HPOS="0" VPOS="0" />
            <String ID="P82_S00188" HPOS="560" VPOS="1491" WIDTH="57" HEIGHT="39" STYLEREFS="StyleId-1" CONTENT="the" WC="0.766666651" CC="060" />
            <SP ID="P82_SP00166" WIDTH="0" HPOS="0" VPOS="0" />
            <String ID="P82_S00189" HPOS="643" VPOS="1490" WIDTH="215" HEIGHT="39" STYLEREFS="StyleId-1" CONTENT="Established" WC="0.78" CC="70000540600" />
            <SP ID="P82_SP00167" WIDTH="0" HPOS="0" VPOS="0" />
            <String ID="P82_S00190" HPOS="877" VPOS="1491" WIDTH="257" HEIGHT="39" STYLEREFS="StyleId-1" CONTENT="(Presbyterian)" WC="0.8207143" CC="02600600005040" />
            <SP ID="P82_SP00168" WIDTH="0" HPOS="0" VPOS="0" />
            <String ID="P82_S00191" HPOS="1155" VPOS="1491" WIDTH="132" HEIGHT="39" STYLEREFS="StyleId-1" CONTENT="Church" WC="0.5933333" CC="070907" />
          </TextLine>
          <TextLine ID="P82_TL00024" HPOS="303" VPOS="1538" WIDTH="986" HEIGHT="45">
            <String ID="P82_S00192" HPOS="303" VPOS="1546" WIDTH="49" HEIGHT="26" STYLEREFS="StyleId-1" CONTENT="set" WC="1" CC="000" />
            <SP ID="P82_SP00169" WIDTH="0" HPOS="0" VPOS="0" />
            <String ID="P82_S00193" HPOS="371" VPOS="1553" WIDTH="18" HEIGHT="20" STYLEREFS="StyleId-1" CONTENT="a" WC="1" CC="0" />
            <SP ID="P82_SP00170" WIDTH="0" HPOS="0" VPOS="0" />
            <String ID="P82_S00194" HPOS="407" VPOS="1542" WIDTH="161" HEIGHT="31" STYLEREFS="StyleId-1" CONTENT="desirable" WC="0.8622222" CC="001060040" />
            <SP ID="P82_SP00171" WIDTH="0" HPOS="0" VPOS="0" />
            <String ID="P82_S00195" HPOS="591" VPOS="1541" WIDTH="176" HEIGHT="40" STYLEREFS="StyleId-1" CONTENT="precedent" WC="0.956666648" CC="030000000" />
            <SP ID="P82_SP00172" WIDTH="0" HPOS="0" VPOS="0" />
            <String ID="P82_S00196" HPOS="792" VPOS="1542" WIDTH="41" HEIGHT="39" STYLEREFS="StyleId-1" CONTENT="by" WC="1" CC="00" />
            <SP ID="P82_SP00173" WIDTH="0" HPOS="0" VPOS="0" />
            <String ID="P82_S00197" HPOS="850" VPOS="1541" WIDTH="144" HEIGHT="40" STYLEREFS="StyleId-1" CONTENT="opening" WC="0.9185714" CC="0000500" />
            <SP ID="P82_SP00174" WIDTH="0" HPOS="0" VPOS="0" />
            <String ID="P82_S00198" HPOS="1017" VPOS="1542" WIDTH="51" HEIGHT="39" STYLEREFS="StyleId-1" CONTENT="his" WC="0.5833333" CC="632" />
            <SP ID="P82_SP00175" WIDTH="0" HPOS="0" VPOS="0" />
            <String ID="P82_S00199" HPOS="1093" VPOS="1542" WIDTH="123" HEIGHT="39" STYLEREFS="StyleId-1" CONTENT="church" WC="0.705" CC="064007" />
            <SP ID="P82_SP00176" WIDTH="0" HPOS="0" VPOS="0" />
            <String ID="P82_S00200" HPOS="1240" VPOS="1542" WIDTH="49" HEIGHT="39" STYLEREFS="StyleId-1" CONTENT="for" WC="0.6333333" CC="307" />
          </TextLine>
          <TextLine ID="P82_TL00025" HPOS="303" VPOS="1588" WIDTH="983" HEIGHT="44">
            <String ID="P82_S00201" HPOS="303" VPOS="1603" WIDTH="18" HEIGHT="19" STYLEREFS="StyleId-1" CONTENT="a" WC="1" CC="0" />
            <SP ID="P82_SP00177" WIDTH="0" HPOS="0" VPOS="0" />
            <String ID="P82_S00202" HPOS="339" VPOS="1596" WIDTH="133" HEIGHT="27" STYLEREFS="StyleId-1" CONTENT="concert" WC="0.938571453" CC="0000040" />
            <SP ID="P82_SP00178" WIDTH="0" HPOS="0" VPOS="0" />
            <String ID="P82_S00203" HPOS="489" VPOS="1592" WIDTH="81" HEIGHT="31" STYLEREFS="StyleId-1" CONTENT="with" WC="1" CC="0000" />
            <SP ID="P82_SP00179" WIDTH="0" HPOS="0" VPOS="0" />
            <String ID="P82_S00204" HPOS="591" VPOS="1602" WIDTH="42" HEIGHT="21" STYLEREFS="StyleId-1" CONTENT="an" WC="1" CC="00" />
            <SP ID="P82_SP00180" WIDTH="0" HPOS="0" VPOS="0" />
            <String ID="P82_S00205" HPOS="659" VPOS="1591" WIDTH="258" HEIGHT="32" STYLEREFS="StyleId-1" CONTENT="admission-fee." WC="0.9464286" CC="00060000000000" />
            <SP ID="P82_SP00181" WIDTH="0" HPOS="0" VPOS="0" />
            <String ID="P82_S00206" HPOS="964" VPOS="1590" WIDTH="72" HEIGHT="33" STYLEREFS="StyleId-1" CONTENT="The" WC="0.873333335" CC="030" />
            <SP ID="P82_SP00182" WIDTH="0" HPOS="0" VPOS="0" />
            <String ID="P82_S00207" HPOS="1061" VPOS="1592" WIDTH="66" HEIGHT="39" STYLEREFS="StyleId-1" CONTENT="city" WC="0.865" CC="0500" />
            <SP ID="P82_SP00183" WIDTH="0" HPOS="0" VPOS="0" />
            <String ID="P82_S00208" HPOS="1144" VPOS="1593" WIDTH="143" HEIGHT="39" STYLEREFS="StyleId-1" CONTENT="authori¬" WC="0.82875" CC="00040044" />
          </TextLine>
          <TextLine ID="P82_TL00026" HPOS="302" VPOS="1638" WIDTH="985" HEIGHT="45">
            <String ID="P82_S00209" HPOS="302" VPOS="1644" WIDTH="63" HEIGHT="30" STYLEREFS="StyleId-1" CONTENT="ties" WC="0.925" CC="0300" />
            <SP ID="P82_SP00184" WIDTH="0" HPOS="0" VPOS="0" />
            <String ID="P82_S00210" HPOS="393" VPOS="1647" WIDTH="33" HEIGHT="27" STYLEREFS="StyleId-1" CONTENT="at" WC="1" CC="00" />
            <SP ID="P82_SP00185" WIDTH="0" HPOS="0" VPOS="0" />
            <String ID="P82_S00211" HPOS="456" VPOS="1643" WIDTH="173" HEIGHT="31" STYLEREFS="StyleId-1" CONTENT="Greenock" WC="0.91" CC="05001000" />
            <SP ID="P82_SP00186" WIDTH="0" HPOS="0" VPOS="0" />
            <String ID="P82_S00212" HPOS="656" VPOS="1653" WIDTH="81" HEIGHT="29" STYLEREFS="StyleId-1" CONTENT="gave" WC="1" CC="0000" />
            <SP ID="P82_SP00187" WIDTH="0" HPOS="0" VPOS="0" />
            <String ID="P82_S00213" HPOS="762" VPOS="1642" WIDTH="56" HEIGHT="39" STYLEREFS="StyleId-1" CONTENT="the" WC="0.79" CC="060" />
            <SP ID="P82_SP00188" WIDTH="0" HPOS="0" VPOS="0" />
            <String ID="P82_S00214" HPOS="845" VPOS="1641" WIDTH="134" HEIGHT="40" STYLEREFS="StyleId-1" CONTENT="Singers" WC="0.8657143" CC="0510001" />
            <SP ID="P82_SP00189" WIDTH="0" HPOS="0" VPOS="0" />
            <String ID="P82_S00215" HPOS="1005" VPOS="1641" WIDTH="56" HEIGHT="40" STYLEREFS="StyleId-1" CONTENT="the" WC="0.75666666" CC="070" />
            <SP ID="P82_SP00190" WIDTH="0" HPOS="0" VPOS="0" />
            <String ID="P82_S00216" HPOS="1087" VPOS="1653" WIDTH="57" HEIGHT="29" STYLEREFS="StyleId-1" CONTENT="use" WC="0.6433333" CC="640" />
            <SP ID="P82_SP00191" WIDTH="0" HPOS="0" VPOS="0" />
            <String ID="P82_S00217" HPOS="1172" VPOS="1644" WIDTH="34" HEIGHT="38" STYLEREFS="StyleId-1" CONTENT="of" WC="1" CC="00" />
            <SP ID="P82_SP00192" WIDTH="0" HPOS="0" VPOS="0" />
            <String ID="P82_S00218" HPOS="1230" VPOS="1644" WIDTH="57" HEIGHT="38" STYLEREFS="StyleId-1" CONTENT="the" WC="0.836666644" CC="040" />
          </TextLine>
          <TextLine ID="P82_TL00027" HPOS="302" VPOS="1690" WIDTH="987" HEIGHT="44">
            <String ID="P82_S00219" HPOS="302" VPOS="1694" WIDTH="105" HEIGHT="31" STYLEREFS="StyleId-1" CONTENT="Town" WC="0.9" CC="0003" />
            <SP ID="P82_SP00193" WIDTH="0" HPOS="0" VPOS="0" />
            <String ID="P82_S00220" HPOS="437" VPOS="1694" WIDTH="92" HEIGHT="36" STYLEREFS="StyleId-1" CONTENT="Hall," WC="0.676" CC="50604" />
            <SP ID="P82_SP00194" WIDTH="0" HPOS="0" VPOS="0" />
            <String ID="P82_S00221" HPOS="547" VPOS="1693" WIDTH="109" HEIGHT="37" STYLEREFS="StyleId-1" CONTENT="which" WC="0.832" CC="07001" />
            <SP ID="P82_SP00195" WIDTH="0" HPOS="0" VPOS="0" />
            <String ID="P82_S00222" HPOS="684" VPOS="1692" WIDTH="94" HEIGHT="38" STYLEREFS="StyleId-1" CONTENT="holds" WC="0.826" CC="60100" />
            <SP ID="P82_SP00196" WIDTH="0" HPOS="0" VPOS="0" />
            <String ID="P82_S00223" HPOS="806" VPOS="1697" WIDTH="63" HEIGHT="33" STYLEREFS="StyleId-1" CONTENT="two" WC="1" CC="000" />
            <SP ID="P82_SP00197" WIDTH="0" HPOS="0" VPOS="0" />
            <String ID="P82_S00224" HPOS="894" VPOS="1692" WIDTH="167" HEIGHT="38" STYLEREFS="StyleId-1" CONTENT="thousand" WC="0.89125" CC="05201000" />
            <SP ID="P82_SP00198" WIDTH="0" HPOS="0" VPOS="0" />
            <String ID="P82_S00225" HPOS="1084" VPOS="1694" WIDTH="124" HEIGHT="39" STYLEREFS="StyleId-1" CONTENT="people." WC="0.9014286" CC="0000303" />
            <SP ID="P82_SP00199" WIDTH="0" HPOS="0" VPOS="0" />
            <String ID="P82_S00226" HPOS="1258" VPOS="1695" WIDTH="30" HEIGHT="38" STYLEREFS="StyleId-1" CONTENT="It" WC="1" CC="00" />
          </TextLine>
          <TextLine ID="P82_TL00028" HPOS="302" VPOS="1741" WIDTH="985" HEIGHT="45">
            <String ID="P82_S00227" HPOS="302" VPOS="1756" WIDTH="69" HEIGHT="21" STYLEREFS="StyleId-1" CONTENT="was" WC="0.72" CC="062" />
            <SP ID="P82_SP00200" WIDTH="0" HPOS="0" VPOS="0" />
            <String ID="P82_S00228" HPOS="389" VPOS="1745" WIDTH="136" HEIGHT="39" STYLEREFS="StyleId-1" CONTENT="densely" WC="0.9285714" CC="0000040" />
            <SP ID="P82_SP00201" WIDTH="0" HPOS="0" VPOS="0" />
            <String ID="P82_S00229" HPOS="543" VPOS="1744" WIDTH="150" HEIGHT="39" STYLEREFS="StyleId-1" CONTENT="crowded" WC="0.9457143" CC="0030000" />
            <SP ID="P82_SP00202" WIDTH="0" HPOS="0" VPOS="0" />
            <String ID="P82_S00230" HPOS="707" VPOS="1754" WIDTH="39" HEIGHT="30" STYLEREFS="StyleId-1" CONTENT="on" WC="0.925" CC="10" />
            <SP ID="P82_SP00203" WIDTH="0" HPOS="0" VPOS="0" />
            <String ID="P82_S00231" HPOS="765" VPOS="1747" WIDTH="64" HEIGHT="36" STYLEREFS="StyleId-1" CONTENT="two" WC="1" CC="000" />
            <SP ID="P82_SP00204" WIDTH="0" HPOS="0" VPOS="0" />
            <String ID="P82_S00232" HPOS="846" VPOS="1743" WIDTH="157" HEIGHT="40" STYLEREFS="StyleId-1" CONTENT="evenings" WC="0.9275" CC="00005000" />
            <SP ID="P82_SP00205" WIDTH="0" HPOS="0" VPOS="0" />
            <String ID="P82_S00233" HPOS="1017" VPOS="1744" WIDTH="79" HEIGHT="39" STYLEREFS="StyleId-1" CONTENT="with" WC="0.7525" CC="0207" />
            <SP ID="P82_SP00206" WIDTH="0" HPOS="0" VPOS="0" />
            <String ID="P82_S00234" HPOS="1111" VPOS="1745" WIDTH="176" HEIGHT="39" STYLEREFS="StyleId-1" CONTENT="audiences" WC="0.9855555" CC="000100000" />
          </TextLine>
          <TextLine ID="P82_TL00029" HPOS="303" VPOS="1793" WIDTH="983" HEIGHT="47">
            <String ID="P82_S00235" HPOS="303" VPOS="1807" WIDTH="36" HEIGHT="20" STYLEREFS="StyleId-1" CONTENT="as" WC="0.825" CC="03" />
            <SP ID="P82_SP00207" WIDTH="0" HPOS="0" VPOS="0" />
            <String ID="P82_S00236" HPOS="357" VPOS="1796" WIDTH="223" HEIGHT="41" STYLEREFS="StyleId-1" CONTENT="sympathetic" WC="0.857272744" CC="00000060170" />
            <SP ID="P82_SP00208" WIDTH="0" HPOS="0" VPOS="0" />
            <String ID="P82_S00237" HPOS="606" VPOS="1795" WIDTH="64" HEIGHT="42" STYLEREFS="StyleId-1" CONTENT="and" WC="1" CC="000" />
            <SP ID="P82_SP00209" WIDTH="0" HPOS="0" VPOS="0" />
            <String ID="P82_S00238" HPOS="688" VPOS="1795" WIDTH="219" HEIGHT="42" STYLEREFS="StyleId-1" CONTENT="enthusiastic" WC="0.8516667" CC="005600500000" />
            <SP ID="P82_SP00210" WIDTH="0" HPOS="0" VPOS="0" />
            <String ID="P82_S00239" HPOS="924" VPOS="1806" WIDTH="36" HEIGHT="31" STYLEREFS="StyleId-1" CONTENT="as" WC="0.625" CC="70" />
            <SP ID="P82_SP00211" WIDTH="0" HPOS="0" VPOS="0" />
            <String ID="P82_S00240" HPOS="978" VPOS="1797" WIDTH="96" HEIGHT="40" STYLEREFS="StyleId-1" CONTENT="could" WC="0.88" CC="00060" />
            <SP ID="P82_SP00212" WIDTH="0" HPOS="0" VPOS="0" />
            <String ID="P82_S00241" HPOS="1092" VPOS="1797" WIDTH="39" HEIGHT="40" STYLEREFS="StyleId-1" CONTENT="be" WC="0.725" CC="50" />
            <SP ID="P82_SP00213" WIDTH="0" HPOS="0" VPOS="0" />
            <String ID="P82_S00242" HPOS="1149" VPOS="1797" WIDTH="136" HEIGHT="40" STYLEREFS="StyleId-1" CONTENT="desired." WC="0.79625" CC="00074004" />
          </TextLine>
          <TextLine ID="P82_TL00030" HPOS="345" VPOS="1844" WIDTH="942" HEIGHT="45">
            <String ID="P82_S00243" HPOS="345" VPOS="1848" WIDTH="96" HEIGHT="31" STYLEREFS="StyleId-1" CONTENT="With" WC="0.745" CC="0306" />
            <SP ID="P82_SP00214" WIDTH="0" HPOS="0" VPOS="0" />
            <String ID="P82_S00244" HPOS="456" VPOS="1847" WIDTH="55" HEIGHT="32" STYLEREFS="StyleId-1" CONTENT="the" WC="0.983333349" CC="000" />
            <SP ID="P82_SP00215" WIDTH="0" HPOS="0" VPOS="0" />
            <String ID="P82_S00245" HPOS="525" VPOS="1846" WIDTH="180" HEIGHT="40" STYLEREFS="StyleId-1" CONTENT="enterprise" WC="0.899" CC="0000005400" />
            <SP ID="P82_SP00216" WIDTH="0" HPOS="0" VPOS="0" />
            <String ID="P82_S00246" HPOS="721" VPOS="1857" WIDTH="34" HEIGHT="30" STYLEREFS="StyleId-1" CONTENT="so" WC="0.82" CC="03" />
            <SP ID="P82_SP00217" WIDTH="0" HPOS="0" VPOS="0" />
            <String ID="P82_S00247" HPOS="763" VPOS="1847" WIDTH="73" HEIGHT="39" STYLEREFS="StyleId-1" CONTENT="well" WC="0.9075" CC="0030" />
            <SP ID="P82_SP00218" WIDTH="0" HPOS="0" VPOS="0" />
            <String ID="P82_S00248" HPOS="849" VPOS="1846" WIDTH="164" HEIGHT="40" STYLEREFS="StyleId-1" CONTENT="launched" WC="0.89" CC="22000300" />
            <SP ID="P82_SP00219" WIDTH="0" HPOS="0" VPOS="0" />
            <String ID="P82_S00249" HPOS="1026" VPOS="1857" WIDTH="36" HEIGHT="29" STYLEREFS="StyleId-1" CONTENT="as" WC="1" CC="00" />
            <SP ID="P82_SP00220" WIDTH="0" HPOS="0" VPOS="0" />
            <String ID="P82_S00250" HPOS="1075" VPOS="1847" WIDTH="24" HEIGHT="39" STYLEREFS="StyleId-1" CONTENT="it" WC="1" CC="00" />
            <SP ID="P82_SP00221" WIDTH="0" HPOS="0" VPOS="0" />
            <String ID="P82_S00251" HPOS="1112" VPOS="1857" WIDTH="67" HEIGHT="29" STYLEREFS="StyleId-1" CONTENT="was" WC="0.8233333" CC="005" />
            <SP ID="P82_SP00222" WIDTH="0" HPOS="0" VPOS="0" />
            <String ID="P82_S00252" HPOS="1191" VPOS="1847" WIDTH="96" HEIGHT="39" STYLEREFS="StyleId-1" CONTENT="when" WC="0.835" CC="0600" />
          </TextLine>
          <TextLine ID="P82_TL00031" HPOS="300" VPOS="1894" WIDTH="988" HEIGHT="47">
            <String ID="P82_S00253" HPOS="300" VPOS="1899" WIDTH="56" HEIGHT="30" STYLEREFS="StyleId-1" CONTENT="the" WC="0.816666663" CC="050" />
            <SP ID="P82_SP00223" WIDTH="0" HPOS="0" VPOS="0" />
            <String ID="P82_S00254" HPOS="370" VPOS="1899" WIDTH="136" HEIGHT="39" STYLEREFS="StyleId-1" CONTENT="Singers" WC="0.7614286" CC="1470030" />
            <SP ID="P82_SP00224" WIDTH="0" HPOS="0" VPOS="0" />
            <String ID="P82_S00255" HPOS="520" VPOS="1898" WIDTH="56" HEIGHT="40" STYLEREFS="StyleId-1" CONTENT="left" WC="0.9175" CC="3000" />
            <SP ID="P82_SP00225" WIDTH="0" HPOS="0" VPOS="0" />
            <String ID="P82_S00256" HPOS="592" VPOS="1899" WIDTH="150" HEIGHT="39" STYLEREFS="StyleId-1" CONTENT="London," WC="0.894285738" CC="0300004" />
            <SP ID="P82_SP00226" WIDTH="0" HPOS="0" VPOS="0" />
            <String ID="P82_S00257" HPOS="756" VPOS="1899" WIDTH="24" HEIGHT="39" STYLEREFS="StyleId-1" CONTENT="it" WC="0.77" CC="40" />
            <SP ID="P82_SP00227" WIDTH="0" HPOS="0" VPOS="0" />
            <String ID="P82_S00258" HPOS="798" VPOS="1908" WIDTH="67" HEIGHT="30" STYLEREFS="StyleId-1" CONTENT="was" WC="0.8833333" CC="003" />
            <SP ID="P82_SP00228" WIDTH="0" HPOS="0" VPOS="0" />
            <String ID="P82_S00259" HPOS="882" VPOS="1901" WIDTH="57" HEIGHT="37" STYLEREFS="StyleId-1" CONTENT="not" WC="0.876666665" CC="012" />
            <SP ID="P82_SP00229" WIDTH="0" HPOS="0" VPOS="0" />
            <String ID="P82_S00260" HPOS="953" VPOS="1897" WIDTH="143" HEIGHT="41" STYLEREFS="StyleId-1" CONTENT="thought" WC="0.8157143" CC="0600060" />
            <SP ID="P82_SP00230" WIDTH="0" HPOS="0" VPOS="0" />
            <String ID="P82_S00261" HPOS="1113" VPOS="1907" WIDTH="175" HEIGHT="31" STYLEREFS="StyleId-1" CONTENT="necessary" WC="0.9066667" CC="700000010" />
          </TextLine>
          <TextLine ID="P82_TL00032" HPOS="299" VPOS="1944" WIDTH="987" HEIGHT="43">
            <String ID="P82_S00262" HPOS="299" VPOS="1950" WIDTH="50" HEIGHT="31" STYLEREFS="StyleId-1" CONTENT="for" WC="0.553333342" CC="426" />
            <SP ID="P82_SP00231" WIDTH="0" HPOS="0" VPOS="0" />
            <String ID="P82_S00263" HPOS="378" VPOS="1951" WIDTH="81" HEIGHT="30" STYLEREFS="StyleId-1" CONTENT="Rev." WC="0.84" CC="1004" />
            <SP ID="P82_SP00232" WIDTH="0" HPOS="0" VPOS="0" />
            <String ID="P82_S00264" HPOS="489" VPOS="1949" WIDTH="63" HEIGHT="33" STYLEREFS="StyleId-1" CONTENT="Mr." WC="0.71" CC="053" />
            <SP ID="P82_SP00233" WIDTH="0" HPOS="0" VPOS="0" />
            <String ID="P82_S00265" HPOS="583" VPOS="1948" WIDTH="123" HEIGHT="33" STYLEREFS="StyleId-1" CONTENT="Powell" WC="0.813333333" CC="540000" />
            <SP ID="P82_SP00234" WIDTH="0" HPOS="0" VPOS="0" />
            <String ID="P82_S00266" HPOS="734" VPOS="1952" WIDTH="34" HEIGHT="30" STYLEREFS="StyleId-1" CONTENT="to" WC="0.835" CC="03" />
            <SP ID="P82_SP00235" WIDTH="0" HPOS="0" VPOS="0" />
            <String ID="P82_S00267" HPOS="793" VPOS="1947" WIDTH="126" HEIGHT="34" STYLEREFS="StyleId-1" CONTENT="remain" WC="0.658333361" CC="500940" />
            <SP ID="P82_SP00236" WIDTH="0" HPOS="0" VPOS="0" />
            <String ID="P82_S00268" HPOS="945" VPOS="1947" WIDTH="122" HEIGHT="39" STYLEREFS="StyleId-1" CONTENT="longer," WC="0.6942857" CC="4008034" />
            <SP ID="P82_SP00237" WIDTH="0" HPOS="0" VPOS="0" />
            <String ID="P82_S00269" HPOS="1087" VPOS="1947" WIDTH="64" HEIGHT="39" STYLEREFS="StyleId-1" CONTENT="and" WC="1" CC="000" />
            <SP ID="P82_SP00238" WIDTH="0" HPOS="0" VPOS="0" />
            <String ID="P82_S00270" HPOS="1175" VPOS="1947" WIDTH="40" HEIGHT="39" STYLEREFS="StyleId-1" CONTENT="he" WC="0.64" CC="70" />
            <SP ID="P82_SP00239" WIDTH="0" HPOS="0" VPOS="0" />
            <String ID="P82_S00271" HPOS="1239" VPOS="1959" WIDTH="46" HEIGHT="27" STYLEREFS="StyleId-1" CONTENT="re¬" WC="0.9866667" CC="000" />
          </TextLine>
          <TextLine ID="P82_TL00033" HPOS="299" VPOS="1995" WIDTH="987" HEIGHT="45">
            <String ID="P82_S00272" HPOS="299" VPOS="2001" WIDTH="120" HEIGHT="35" STYLEREFS="StyleId-1" CONTENT="turned" WC="0.7783333" CC="710120" />
            <SP ID="P82_SP00240" WIDTH="0" HPOS="0" VPOS="0" />
            <String ID="P82_S00273" HPOS="438" VPOS="2005" WIDTH="33" HEIGHT="31" STYLEREFS="StyleId-1" CONTENT="to" WC="0.69" CC="06" />
            <SP ID="P82_SP00241" WIDTH="0" HPOS="0" VPOS="0" />
            <String ID="P82_S00274" HPOS="489" VPOS="2000" WIDTH="162" HEIGHT="38" STYLEREFS="StyleId-1" CONTENT="America," WC="0.85875" CC="00402004" />
            <SP ID="P82_SP00242" WIDTH="0" HPOS="0" VPOS="0" />
            <String ID="P82_S00275" HPOS="672" VPOS="2004" WIDTH="34" HEIGHT="34" STYLEREFS="StyleId-1" CONTENT="to" WC="0.735" CC="05" />
            <SP ID="P82_SP00243" WIDTH="0" HPOS="0" VPOS="0" />
            <String ID="P82_S00276" HPOS="723" VPOS="1998" WIDTH="75" HEIGHT="39" STYLEREFS="StyleId-1" CONTENT="look" WC="0.7375" CC="3006" />
            <SP ID="P82_SP00244" WIDTH="0" HPOS="0" VPOS="0" />
            <String ID="P82_S00277" HPOS="821" VPOS="1998" WIDTH="82" HEIGHT="39" STYLEREFS="StyleId-1" CONTENT="after" WC="0.684" CC="06306" />
            <SP ID="P82_SP00245" WIDTH="0" HPOS="0" VPOS="0" />
            <String ID="P82_S00278" HPOS="922" VPOS="1998" WIDTH="55" HEIGHT="40" STYLEREFS="StyleId-1" CONTENT="the" WC="0.826666653" CC="040" />
            <SP ID="P82_SP00246" WIDTH="0" HPOS="0" VPOS="0" />
            <String ID="P82_S00279" HPOS="999" VPOS="1998" WIDTH="153" HEIGHT="40" STYLEREFS="StyleId-1" CONTENT="interests" WC="0.822222233" CC="200600033" />
            <SP ID="P82_SP00247" WIDTH="0" HPOS="0" VPOS="0" />
            <String ID="P82_S00280" HPOS="1176" VPOS="1998" WIDTH="33" HEIGHT="39" STYLEREFS="StyleId-1" CONTENT="of" WC="0.34" CC="67" />
            <SP ID="P82_SP00248" WIDTH="0" HPOS="0" VPOS="0" />
            <String ID="P82_S00281" HPOS="1230" VPOS="1998" WIDTH="57" HEIGHT="39" STYLEREFS="StyleId-1" CONTENT="the" WC="0.5966667" CC="551" />
          </TextLine>
          <TextLine ID="P82_TL00034" HPOS="773" VPOS="2050" WIDTH="48" HEIGHT="30">
            <String ID="P82_S00282" HPOS="773" VPOS="2050" WIDTH="48" HEIGHT="30" STYLEREFS="StyleId-0" CONTENT="6*" WC="0.655" CC="51" />
          </TextLine>
        </TextBlock>
      </PrintSpace>
    </Page>
  </Layout>
</alto>