1768 2431
747 265 45 27 231

276 324 28 31 It
328 336 73 21 now
425 327 61 33 has
510 341 99 24 seven
636 336 154 41 colleges,
813 340 80 37 with
918 345 123 33 several
1065 346 198 42 theological

273 375 240 45 departments,
546 390 175 30 seventeen
748 392 129 30 normal
903 393 141 41 schools,
1075 399 63 36 and
1164 399 96 41 forty-

273 437 98 23 seven
405 431 132 34 schools
569 436 33 30 of
632 437 98 33 lower
761 442 111 38 grade.
924 444 72 36 The
1027 448 150 32 teachers
1209 462 53 20 are

271 480 155 38 provided
443 493 7 27 ;
487 485 57 35 the
577 486 153 35 facilities
759 502 54 21 are
841 494 168 34 furnished
1026 509 7 26 ;
1070 499 56 36 the
1154 502 108 39 pupils

270 539 55 21 are
349 537 33 26 at
405 533 108 40 hand;
544 537 112 36 fifteen
680 540 168 34 thousand
870 556 53 21 are
948 549 132 42 already
1102 552 157 39 gathered

271 579 33 31 in
324 581 48 32 for
390 583 210 36 instruction.
651 591 66 31 But
738 593 91 32 there
852 606 52 21 are
926 599 143 32 millions
1086 603 73 30 who
1177 605 81 30 need

271 632 168 33 Christian
463 638 147 42 training
631 645 33 34 to
688 643 35 36 fit
746 645 94 35 them
861 647 48 33 for
930 650 184 33 usefulness
1136 664 121 31 among

268 682 86 33 their
381 696 72 21 own
483 690 129 39 people.
660 694 63 35 We
753 697 96 32 could
877 700 98 31 reach
1003 702 103 39 them,
1134 705 33 36 in
1195 706 61 34 due

267 732 91 39 time,
381 736 24 36 if
423 748 48 24 we
495 740 65 32 had
581 742 57 31 the
660 754 126 23 means.
835 748 132 40 Indeed,
989 752 19 36 "
1021 763 46 25 we
1092 754 81 34 have
1196 767 58 21 our

266 785 87 32 hand
379 798 40 21 on
447 790 56 31 the
525 791 87 33 lever
637 795 33 30 of
692 806 18 21 a
735 799 211 32 tremendous
969 805 212 42 opportunity
1203 808 48 39 for

264 837 84 38 good
364 837 36 37 !"
448 840 66 34 But
543 853 48 21 we
620 849 88 27 must
737 846 83 32 have
848 849 74 41 help
953 856 33 34 to
1015 864 93 26 move
1137 856 23 34 it
1189 858 63 33 effi¬

264 886 133 43 ciently.
448 891 149 40 Friends,
622 906 92 26 come
736 901 33 30 to
792 910 59 21 our
873 901 52 31 aid
940 902 4 30 !
991 904 101 32 Come
1114 917 72 21 now
1201 909 4 30 !

308 939 86 32 Soon
420 952 49 21 we
495 943 84 32 shall
604 947 82 30 need
715 959 18 19 a
760 949 162 33 thousand
952 954 224 35 missionaries
1200 959 48 31 for

262 989 121 33 Africa.
431 992 73 32 The
531 1002 138 35 country
696 998 27 39 is
750 1000 96 40 being
873 1003 171 39 explored;
1080 1009 168 37 providen¬

261 1040 94 41 tially
370 1042 24 39 it
413 1043 26 38 is
457 1046 143 40 opening
618 1059 42 29 up
677 1049 48 39 for
742 1054 210 33 commercial
972 1056 60 31 and
1053 1057 194 43 missionary

261 1094 200 39 occupation
479 1096 78 36 with
581 1103 92 34 great
696 1102 154 37 promise.
897 1103 72 36 The
993 1110 159 37 proposed
1174 1110 72 41 ship

260 1143 107 38 canal,
387 1144 48 37 for
452 1146 55 36 the
525 1147 119 41 letting
662 1149 30 39 in
711 1151 55 37 the
783 1158 118 30 waters
921 1155 33 33 of
973 1157 56 31 the
1050 1158 144 32 Atlantic
1211 1166 33 26 to

258 1193 57 31 the
338 1200 93 33 great
456 1197 128 36 Sahara
606 1200 131 39 Desert,
758 1203 66 36 will
843 1204 126 35 furnish
993 1218 39 21 an
1056 1208 111 33 inland
1190 1221 54 21 sea

257 1243 50 31 for
332 1245 101 31 about
462 1257 99 21 seven
589 1249 148 33 hundred
766 1253 93 32 miles
885 1255 67 32 into
978 1258 54 30 the
1059 1259 92 32 heart
1180 1263 61 30 and

256 1296 72 30 best
347 1301 91 35 parts
456 1298 33 38 of
504 1299 120 39 Africa,
644 1302 72 38 and,
733 1302 40 41 by
786 1315 17 28 a
813 1304 150 39 junction
978 1308 78 35 with
1075 1310 54 33 the
1148 1313 95 30 north

256 1346 84 30 bend
364 1347 33 30 of
417 1348 55 30 the
497 1350 111 39 Niger,
628 1352 72 39 give
723 1364 113 27 access
858 1359 33 31 to
915 1368 88 23 more
1021 1360 79 31 than
1119 1366 123 38 twenty

255 1397 145 31 millions
426 1400 33 29 of
480 1400 55 30 the
561 1401 71 31 best
657 1403 87 31 class
768 1406 34 29 of
824 1406 55 31 the
903 1408 110 32 native
1036 1413 204 37 population.

254 1448 64 30 We
347 1449 103 40 ought
474 1455 34 35 to
536 1452 38 38 be
600 1455 159 38 prepared
784 1456 48 37 for
858 1458 66 36 this
954 1465 95 28 event
1077 1464 63 30 and
1166 1466 71 29 call.

254 1498 174 33 Educated
453 1501 170 33 Christian
646 1504 150 33 Africans
817 1512 88 27 must
928 1520 39 30 go
988 1515 33 35 to
1042 1513 95 36 teach
1158 1514 77 36 Afri¬

252 1560 91 21 cans.
391 1550 72 32 The
483 1553 184 32 Freedmen
687 1556 33 30 of
739 1557 151 33 America
915 1571 52 19 are
990 1562 93 31 fitted
1106 1563 40 40 by
1164 1575 69 28 con¬

251 1600 155 32 stitution
426 1602 64 30 and
508 1614 75 21 race
604 1605 48 30 for
669 1605 66 31 this
752 1609 101 30 work.
900 1609 71 32 The
986 1614 173 30 venerable
1179 1616 57 30 Dr.

252 1650 128 39 Moffat,
406 1662 36 27 so
468 1653 78 40 long
573 1666 18 27 a
621 1656 198 43 missionary
844 1659 31 39 in
900 1660 119 39 Africa,
1045 1674 80 25 once
1143 1665 70 33 said
1228 1678 6 21 :

249 1702 62 30 "It
328 1701 27 30 is
372 1704 123 40 utterly
509 1704 153 40 hopeless
681 1710 33 34 to
731 1707 95 37 think
843 1710 33 34 of
891 1713 223 41 evangelising
1128 1716 108 39 Africa

246 1752 42 41 by
307 1752 177 41 European
510 1765 135 30 agency.
696 1759 30 36 It
749 1764 87 31 must
861 1761 37 34 be
922 1761 82 34 done
1027 1764 40 40 by
1086 1776 17 29 a
1125 1767 108 38 native

248 1804 159 39 agency."
436 1803 49 40 To
501 1816 113 27 secure
633 1808 77 39 this,
727 1809 153 41 England
899 1814 63 36 and
979 1814 151 36 America
1145 1824 87 27 must

245 1854 151 31 combine
420 1855 85 31 their
527 1857 104 33 forces
654 1870 88 21 more
765 1862 63 30 and
852 1873 99 21 more.
999 1866 72 30 And
1088 1868 72 30 well
1179 1869 52 30 did

244 1905 56 31 the
318 1906 96 30 noble
432 1907 167 39 president
617 1910 35 36 of
665 1921 60 25 our
741 1912 131 41 Society
888 1924 68 31 say,
976 1917 18 39 "
1010 1917 30 39 It
1057 1917 27 39 is
1098 1918 99 41 doing
1215 1931 18 28 a

241 1961 93 36 great
360 1958 90 39 work
475 1960 143 36 towards
645 1971 18 25 a
692 1963 103 38 grand
821 1968 279 38 consummation,
1123 1969 105 36 which

241 2009 43 30 all
309 2008 324 43 English-speaking
657 2013 132 38 nations
815 2016 101 39 ought
942 2021 33 34 to
1000 2018 103 37 desire
1129 2021 100 34 above

239 2060 43 30 all
302 2059 123 42 things,
445 2071 18 30 a
481 2062 163 39 complete
664 2064 171 42 harmony,
855 2071 55 35 not
933 2069 75 39 only
1026 2069 33 39 of
1073 2070 150 39 politics:
