1725 2400
477 360 33 25 26

730 360 83 24 THE
832 359 180 33 JUBILEE
1032 357 185 35 SINGERS.

477 445 57 29 but
564 454 72 20 now
675 455 18 19 a
732 442 198 39 theological
972 441 134 40 student
1146 442 33 39 at
1221 438 147 42 Oberlin,
1394 447 69 34 was

477 494 146 39 engaged
640 498 33 35 to
691 492 114 40 attend
825 497 33 36 to
876 492 56 40 the
949 490 110 42 duties
1078 489 34 43 of
1127 489 147 43 advance
1294 490 111 42 agent.

520 545 99 29 From
641 543 133 30 Oberlin
792 542 55 32 the
866 551 167 28 company
1056 543 87 36 went
1169 542 33 37 to
1230 536 183 43 Cleveland
1430 540 34 39 to

476 594 72 38 give
565 597 64 35 two
648 595 149 37 concerts
813 591 32 41 in
865 592 84 40 Case
972 590 93 42 Hall.
1112 589 73 43 The
1210 588 164 45 churches
1399 587 64 45 had

478 645 78 29 been
588 643 88 30 filled
708 642 55 31 the
798 642 135 39 Sunday
972 639 108 41 before
1120 643 34 37 to
1195 639 99 42 listen
1334 642 34 38 to
1407 638 55 42 the

478 693 143 38 Singers,
651 693 57 38 but
737 696 33 36 at
796 692 129 39 neither
956 694 133 37 concert
1119 699 84 32 were
1233 689 56 42 the
1321 688 144 43 receipts

477 744 161 32 sufficient
656 747 33 28 to
708 747 85 29 meet
811 753 169 29 expenses.
1029 741 118 40 Before
1164 740 57 42 the
1239 741 88 41 close
1351 741 34 41 of
1407 740 56 42 the

477 795 119 30 second
622 795 168 39 evening's
816 793 273 40 entertainment,
1110 802 41 31 on
1171 791 168 42 Saturday
1356 790 105 43 night,

479 847 61 30 Mr.
567 846 114 30 White
711 846 94 31 made
834 855 19 21 a
879 845 63 32 few
971 843 151 33 remarks
1155 842 192 39 explaining
1377 841 89 40 their

478 897 147 37 mission,
655 896 166 39 declaring
846 895 52 40 his
930 894 83 41 faith
1045 894 75 41 that
1155 893 73 42 God
1260 892 66 43 had
1358 892 106 43 called

478 949 89 29 them
594 953 33 25 to
656 948 55 30 the
738 947 100 37 work,
866 946 64 38 and
955 945 109 39 would
1092 944 169 40 somehow
1292 954 84 30 open
1407 943 57 41 the

477 1010 91 29 way;
608 999 57 40 but
697 998 129 41 frankly
860 996 178 42 admitting
1069 996 75 43 that
1183 995 40 44 he
1257 995 65 44 had
1353 995 113 44 barely

478 1059 117 29 money
612 1049 129 39 enough
760 1052 33 36 to
812 1059 63 30 pay
891 1048 49 40 for
963 1047 57 42 the
1044 1046 78 42 hall,
1143 1045 63 43 and
1224 1045 142 43 nothing
1383 1045 79 43 with

477 1100 108 30 which
613 1104 33 26 to
673 1104 86 26 meet
785 1099 86 31 their
896 1098 90 33 hotel
1020 1097 76 33 bills
1128 1107 78 24 over
1238 1097 136 39 Sunday
1400 1098 66 38 and

478 1151 85 30 their
606 1161 159 29 expenses
804 1154 33 36 to
879 1149 195 41 Columbus,
1114 1148 109 42 where
1263 1147 79 42 they
1380 1158 87 32 were

479 1201 186 31 advertised
692 1201 49 31 for
769 1212 18 21 a
817 1204 143 28 concert.
1010 1199 117 33 Before
1157 1198 132 39 leaving
1314 1198 57 39 the
1396 1198 69 39 hall

478 1264 60 19 one
555 1253 191 39 gentleman
765 1256 72 36 sent
856 1262 42 30 up
918 1262 18 30 a
953 1250 126 42 cheque
1097 1250 49 42 for
1160 1248 96 45 $100,
1272 1250 132 42 written
1422 1260 43 32 on

480 1305 55 30 the
560 1303 83 31 back
666 1303 33 31 of
721 1314 18 20 a
763 1312 222 30 programme,
1007 1301 64 41 and
1095 1301 92 41 three
1206 1300 111 42 others
1334 1301 131 41 handed

478 1355 67 30 him
563 1353 64 41 $40
646 1365 98 29 more.

520 1405 84 31 This
633 1416 81 29 gave
741 1407 279 38 encouragement
1055 1407 32 38 at
1120 1413 18 31 a
1170 1402 81 42 time
1281 1403 96 42 when
1411 1413 52 32 en¬

478 1460 234 36 couragement
738 1466 67 30 was
830 1465 99 30 never
948 1464 88 31 more
1054 1454 136 42 needed.
1239 1454 66 42 For
1329 1453 24 42 it
1379 1452 27 43 is
1431 1457 39 39 to-

478 1509 39 29 be
542 1507 224 31 remembered
790 1506 73 32 that
888 1506 56 33 the
969 1508 207 30 movements
1200 1504 33 34 of
1254 1504 56 34 the
1329 1504 137 39 Singers

479 1559 151 30 involved
658 1561 93 36 great
776 1567 157 30 expense:
962 1557 84 41 Case
1067 1555 81 42 Hall
1174 1559 90 39 rents
1292 1555 49 42 for
1365 1553 63 45 $75
1447 1566 19 32 a

479 1610 93 39 night
588 1620 6 29 ;
625 1614 33 36 to
675 1608 165 41 advertise
860 1619 18 30 a
905 1610 132 39 concert
1064 1605 33 45 in
1126 1605 81 44 such
1236 1617 18 33 a
1280 1605 67 44 city
1376 1609 94 40 costs,

477 1661 82 30 from
576 1659 63 40 $25
657 1665 33 34 to
708 1659 64 40 $50
786 1671 7 28 ;
820 1659 63 40 and
901 1659 56 40 the
977 1657 89 42 hotel
1086 1656 75 42 bills
1179 1656 34 42 of
1227 1656 55 42 the
1301 1667 165 32 company

478 1722 83 19 were
585 1711 130 38 usually
742 1710 84 39 from
852 1707 65 42 $20
943 1713 34 36 to
1002 1706 63 43 $25
1095 1719 18 30 a
1140 1708 74 41 day.
1261 1707 109 42 There
1398 1718 68 31 was

480 1761 168 30 abundant
668 1770 69 25 use,
757 1760 24 36 it
798 1760 66 36 will
883 1760 38 36 be
941 1769 87 27 seen,
1047 1758 49 37 for
1113 1759 56 36 the
1186 1757 98 42 $140.

520 1812 42 29 At
581 1809 181 31 Columbus
781 1820 92 21 came
890 1815 64 26 two
973 1815 162 30 concerts,
1155 1810 109 38 again,
1284 1810 110 38 which
1412 1810 54 38 did

478 1865 57 26 not
564 1871 62 29 pay
661 1869 169 31 expenses.
885 1858 71 42 The
984 1860 81 39 Rev.
1095 1860 45 39 H.
1169 1860 33 39 S.
1233 1860 158 39 Bennett,
1410 1860 56 39 the

481 1917 112 34 pastor
615 1910 33 41 of
666 1910 57 41 the
747 1908 124 42 church
896 1912 32 39 at
954 1908 174 42 Nashville
1145 1913 34 38 to
1197 1909 110 42 which
1326 1921 91 30 some
1434 1911 40 39 of

478 1962 56 30 the
567 1962 133 36 Singers
732 1959 171 39 belonged,
932 1959 63 39 and
1028 1959 70 39 also
1130 1970 18 28 a
1180 1962 125 36 trustee
1338 1962 35 36 of
1408 1962 57 36 the

481 2011 202 39 University,
702 2021 69 30 was
792 2013 144 37 present,
957 2008 63 42 and
1045 2019 18 32 a
1088 2019 117 32 prayer
1231 2010 147 41 meeting
1395 2022 70 29 was
