1725 2400
639 352 160 27 MINNIE
822 352 115 27 TATE.

1235 359 46 27 113

299 447 19 20 a
335 438 153 39 pleasant
506 437 108 39 home,
633 438 34 38 of
679 438 100 41 being
796 443 73 36 sent
886 443 33 36 to
939 438 63 40 and
1019 438 84 40 from
1121 438 112 40 school
1254 438 32 40 in

300 487 57 31 the
384 488 115 41 family
530 489 158 42 carriage,
707 491 64 39 and
795 490 34 40 of
851 490 97 40 being
966 490 158 40 carefully
1140 489 148 41 guarded

300 549 81 21 even
398 539 83 31 from
500 540 201 31 association
719 541 81 31 with
816 541 57 31 the
892 546 160 27 servants.
1095 542 78 37 But,
1191 541 96 38 when

300 590 59 30 she
374 601 67 20 was
455 591 100 31 about
570 596 54 27 ten
638 603 96 30 years
747 593 63 40 old,
825 593 49 40 for
888 603 90 30 some
990 594 165 39 unknown
1171 603 117 30 reason

299 641 93 31 there
425 652 92 20 came
547 653 19 21 a
595 643 128 40 change
751 644 33 39 in
810 645 56 39 the
886 648 180 35 treatment
1090 645 109 39 which
1231 644 57 39 she

300 693 159 30 received.
500 693 72 32 The
585 694 125 41 family,
723 696 74 39 who
814 695 64 40 had
897 696 80 39 used
995 696 58 39 her
1070 707 35 28 as
1122 696 113 39 kindly
1253 706 36 30 as

300 744 24 30 if
339 744 57 31 she
414 756 84 20 were
516 745 88 30 their
621 756 72 20 own
711 747 99 38 child,
824 751 87 33 went
930 747 132 37 abroad,
1079 747 64 37 and
1157 747 56 37 left
1230 747 59 37 her

300 799 33 27 to
351 795 56 30 the
426 806 74 21 care
515 795 34 31 of
562 796 56 31 the
632 801 160 27 servants.
827 798 102 30 Their
942 799 126 39 cruelty
1080 799 63 39 and
1158 799 130 39 neglect

299 857 84 21 were
411 847 82 31 such
522 847 74 31 that
622 847 58 31 she
705 849 115 40 finally
843 859 58 30 ran
927 860 93 30 away
1044 854 34 36 to
1096 860 117 30 escape
1231 849 58 40 her

300 897 173 40 sufferings
492 903 33 35 at
544 898 87 39 their
649 899 99 39 hand.
790 900 66 38 She
871 900 119 38 drifted
1009 900 99 37 about
1125 900 83 37 from
1227 911 60 27 one

300 950 94 39 place
411 954 33 36 to
463 950 150 39 another,
633 961 19 28 a
673 951 176 39 homeless,
868 951 174 38 friendless
1065 951 86 39 waif,
1171 952 116 38 cursed

300 1002 43 39 by
358 1002 57 39 the
434 1001 102 40 slight
555 1002 103 39 strain
680 1002 33 39 of
735 1013 100 30 negro
861 1003 96 39 blood
982 1003 72 39 that
1074 1003 162 40 appeared
1254 1003 33 40 in

300 1053 59 30 her
375 1052 73 31 hair
465 1053 64 30 and
547 1053 222 40 complexion,
787 1053 148 40 working
960 1065 36 29 as
1015 1055 58 39 she
1091 1055 64 39 had
1173 1065 114 30 oppor¬

300 1104 121 40 tunity,
443 1104 63 39 and
523 1114 36 30 as
582 1104 74 39 well
681 1115 36 29 as
741 1104 58 39 she
825 1105 94 39 knew
945 1105 84 39 how,
1047 1106 48 38 for
1112 1106 58 38 her
1186 1106 102 38 board

301 1155 64 30 and
384 1155 138 30 clothes.
572 1156 27 30 A
617 1155 197 31 benevolent
830 1156 191 39 gentleman
1040 1157 32 39 in
1091 1157 195 39 Massachu¬

302 1210 82 27 setts
414 1206 115 39 finally
558 1206 135 39 became
714 1207 180 39 interested
918 1208 33 38 in
976 1208 67 38 her,
1063 1209 64 37 and
1152 1209 135 37 secured

300 1257 183 32 admission
500 1257 49 32 for
562 1258 58 31 her
633 1263 33 27 to
684 1257 57 32 the
757 1259 186 31 Lancaster
956 1258 180 32 Industrial
1155 1260 131 30 School.

303 1310 90 30 Here
410 1309 59 31 her
484 1308 149 40 winning
658 1309 154 40 qualities
830 1309 34 40 of
886 1310 172 39 character
1075 1310 87 39 drew
1178 1314 35 35 to
1230 1311 59 39 her

300 1371 102 20 warm
427 1360 133 39 friends,
579 1360 75 39 who
669 1361 95 38 aided
781 1361 58 38 her
855 1361 33 38 in
906 1361 171 40 obtaining
1091 1361 56 40 the
1164 1362 123 39 special

300 1412 198 31 instruction
517 1411 33 32 in
569 1411 106 32 music
696 1412 109 31 which
825 1412 58 31 her
906 1413 65 30 fine
997 1412 93 31 voice
1119 1413 167 38 deserved,

299 1464 65 30 and
389 1464 116 40 finally
534 1464 195 40 introduced
753 1463 58 41 her
833 1467 33 36 to
895 1464 57 40 the
981 1463 129 43 Jubilee
1139 1463 146 43 Singers,

297 1515 110 30 whom
426 1515 59 31 she
501 1515 114 40 joined
633 1515 33 40 in
687 1515 92 39 1873.

342 1568 68 30 But
438 1566 59 31 her
523 1566 116 32 health
662 1576 82 29 gave
766 1576 73 29 way
868 1564 118 41 during
1007 1565 57 40 the
1089 1564 199 41 exhausting

298 1618 134 30 labours
451 1617 34 31 of
498 1617 87 31 their
601 1617 72 32 first
690 1616 78 33 visit
783 1620 34 29 to
837 1616 103 33 Great
958 1615 141 33 Britain.
1133 1616 51 33 On
1201 1616 87 33 their

298 1673 114 27 return
440 1672 35 27 to
504 1667 154 33 America
687 1666 58 33 she
770 1677 68 22 was
863 1666 129 39 obliged
1015 1670 34 36 to
1067 1665 73 40 give
1164 1677 43 30 up
1231 1666 57 40 the

299 1720 101 36 work,
417 1719 65 37 and
500 1722 116 36 accept
628 1718 56 40 the
702 1717 174 41 invitation
895 1717 34 41 of
942 1728 41 30 an
1002 1717 53 41 old
1071 1716 135 42 teacher
1224 1716 64 42 and

299 1771 107 30 friend
432 1774 33 27 at
495 1770 186 31 Lancaster
702 1773 34 29 to
759 1779 19 22 a
802 1769 97 33 home
921 1768 82 33 with
1021 1768 58 33 her
1095 1768 48 33 for
1160 1779 19 22 a
1194 1768 92 40 time,

300 1823 33 31 in
360 1821 88 39 Erie,
470 1820 258 42 Pennsylvania.

345 1926 141 31 Minnie
510 1924 130 33 Tate's
668 1927 135 36 parents
828 1933 86 30 were
940 1923 80 41 both
1044 1922 66 42 free
1135 1921 154 42 coloured

300 1977 129 40 people.
469 1977 72 41 Her
557 1974 249 43 grandmother,
821 1984 41 33 on
879 1974 59 44 her
950 1973 159 45 mother's
1126 1972 79 45 side,
1219 1982 69 36 was

300 2040 19 20 a
337 2028 90 31 slave
450 2027 33 33 in
504 2025 212 41 Mississippi,
740 2025 60 41 but
823 2025 60 42 her
906 2027 125 39 master
1050 2033 84 33 gave
1149 2022 59 44 her
1224 2022 64 44 and

776 2078 18 30 9
