1734 2406
532 320 182 29 INSULTS
731 323 90 26 AND
840 324 204 27 HONOURS.

1248 335 33 27 37

285 412 87 21 were
404 402 33 31 in
465 405 126 40 special
627 409 84 36 need
740 410 34 36 of
798 414 87 35 rest;
924 411 49 38 for
998 411 79 42 they
1102 413 65 40 had
1198 414 82 39 been

285 453 110 41 riding
421 456 44 39 all
492 457 107 40 night,
629 461 65 36 and
726 461 87 36 their
840 473 141 24 nervous
1013 465 149 39 energies
1195 476 84 28 were

282 506 174 41 well-nigh
485 510 185 37 exhausted
696 512 84 35 after
806 513 57 34 the
889 515 84 32 draft
999 515 108 32 which
1137 516 57 30 the
1222 528 57 20 un¬

283 558 97 30 usual
399 558 202 33 excitement
627 564 63 30 and
717 574 135 21 success
874 566 35 30 of
925 566 57 30 the
1005 567 63 31 last
1093 567 59 32 few
1168 568 109 31 weeks

283 609 66 31 had
368 610 97 31 made
483 622 89 30 upon
588 612 105 39 them.
740 614 73 38 The
829 615 73 36 best
920 617 139 35 citizens
1080 619 35 33 of
1136 620 143 32 Newark

283 660 122 32 visited
428 662 88 32 their
540 663 210 40 indignation
771 666 141 37 without
932 669 81 35 stint
1038 679 41 24 on
1104 669 57 34 the
1184 670 91 33 land¬

282 712 83 31 lord.
423 714 100 32 Some
546 715 35 30 of
602 715 54 31 his
677 721 87 27 most
788 718 153 32 valuable
966 723 136 36 patrons
1126 721 148 39 immedi¬

283 764 90 41 ately
390 765 58 40 left
465 765 58 39 the
541 766 119 39 house;
681 768 66 36 and
762 768 25 36 it
804 768 28 36 is
850 770 70 35 said
937 771 73 34 that
1028 771 56 33 the
1096 771 67 40 city
1178 783 97 29 coun¬

283 816 42 30 cil
350 815 79 32 took
451 817 189 40 advantage
661 819 34 38 of
718 820 57 37 the
799 819 192 38 favourable
1011 822 122 41 feeling
1149 825 126 38 toward

282 867 156 30 coloured
451 869 117 40 people
585 869 81 40 thus
678 870 205 39 stimulated,
898 876 34 33 to
946 883 78 30 pass
1042 884 42 29 an
1098 874 177 39 ordinance

282 919 146 40 opening
457 924 35 36 to
523 920 92 39 them
648 922 44 37 all
723 922 57 37 the
812 922 175 42 privileges
1015 924 35 40 of
1077 925 57 39 the
1165 925 110 40 public

282 970 144 31 schools.

325 1023 28 30 A
378 1022 78 31 visit
482 1027 36 27 to
546 1023 228 42 Washington
805 1026 163 39 followed,
997 1026 109 39 which
1132 1038 69 27 was
1233 1038 41 27 no

282 1073 174 39 exception
476 1078 33 34 to
521 1074 57 38 the
597 1086 134 27 success
741 1076 108 36 which
868 1077 65 35 had
951 1077 33 35 of
999 1078 65 34 late
1080 1089 35 24 so
1134 1079 141 40 steadily

283 1125 159 30 attended
453 1125 105 31 them.
594 1125 73 32 The
684 1127 285 39 Vice-President,
987 1128 81 37 with
1080 1128 51 37 his
1147 1129 126 41 family,

282 1177 66 30 and
366 1186 102 30 many
481 1176 165 40 members
669 1178 35 39 of
725 1179 177 39 Congress,
921 1189 93 29 came
1030 1183 34 35 to
1088 1180 87 38 their
1198 1190 75 28 con¬

282 1231 99 27 certs.
438 1226 73 33 The
539 1227 174 33 President
738 1230 120 30 turned
887 1230 91 31 aside
1009 1230 84 32 from
1125 1230 151 41 pressing

281 1278 111 41 public
422 1278 109 41 duties
559 1283 33 36 to
618 1280 73 39 give
718 1280 93 39 them
840 1281 157 39 audience
1023 1285 33 34 at
1077 1281 57 38 the
1159 1281 114 38 White

282 1331 129 38 House,
438 1341 115 28 assure
580 1330 93 39 them
702 1331 35 38 of
760 1331 53 38 his
840 1331 139 38 interest
1004 1332 33 37 in
1062 1332 87 36 their
1172 1332 101 38 work,

279 1382 66 30 and
369 1382 81 30 hear
474 1382 93 32 them
586 1381 84 41 sing,
691 1383 20 39 "
726 1383 51 39 Go
795 1383 108 39 down,
923 1383 144 39 Moses."
1115 1385 21 37 "
1149 1384 125 38 Parson

280 1433 223 39 Brownlow,"
521 1433 58 39 the
595 1433 131 39 famous
746 1433 159 39 Unionist
924 1438 135 33 senator
1080 1434 83 37 from
1188 1434 86 38 their

278 1494 74 21 own
372 1485 105 37 State,
495 1494 69 27 was
583 1494 36 27 so
638 1483 34 39 ill
698 1494 36 27 as
757 1488 33 34 to
816 1485 39 37 be
879 1485 120 37 unable
1023 1488 33 33 to
1082 1485 42 37 sit
1141 1495 54 29 up,
1215 1485 58 39 but

278 1535 153 31 received
447 1534 93 32 them
558 1535 33 31 in
609 1534 53 32 his
680 1534 189 39 sick-room,
885 1536 64 38 and
963 1535 87 39 cried
1066 1535 63 39 like
1148 1545 19 28 a
1183 1534 88 39 child

279 1598 36 20 as
346 1587 97 31 these
476 1585 234 40 emancipated
741 1585 108 40 slaves
888 1595 84 30 sang
1001 1584 73 41 that
1106 1584 164 41 pleading,

278 1638 149 41 pathetic
453 1647 84 32 song
561 1636 35 42 of
619 1646 177 33 sorrow,—

438 1712 16 13 "
465 1713 23 26 O
510 1712 81 33 Lord,
614 1712 23 33 O
658 1720 46 25 my
725 1712 80 33 Lord,
827 1712 23 33 O
871 1721 46 25 my
936 1712 73 34 good
1030 1713 71 33 Lord
1114 1714 6 32 !

502 1756 77 33 Keep
599 1763 45 26 me
663 1755 71 33 from
753 1755 111 34 sinking
882 1756 103 33 down."

323 1824 190 42 Returning
530 1824 97 42 again
645 1828 34 38 to
705 1825 84 41 New
804 1825 100 41 York,
918 1836 18 30 a
954 1824 101 42 series
1072 1824 34 42 of
1120 1827 150 39 concerts

276 1877 207 33 culminated
513 1878 32 32 in
571 1881 66 29 two
660 1875 202 34 memorable
885 1875 193 40 gatherings
1103 1879 33 36 at
1162 1875 105 41 Stein-

275 1941 75 30 way
369 1929 93 42 Hall.
510 1927 72 43 The
600 1927 156 43 platform
775 1926 81 44 each
876 1926 140 45 evening
1027 1936 67 34 was
1112 1925 156 45 occupied

276 1982 43 39 by
336 1990 92 31 some
447 1980 34 42 of
502 1979 58 42 the
579 1982 87 39 most
692 1977 147 44 eminent
864 1977 127 45 divines
1014 1975 34 46 of
1068 1976 57 45 the
1150 1979 117 42 metro-
