1767 2430
1254 356 33 29 33

333 410 74 35 The
426 424 92 23 news
543 418 35 31 of
598 420 88 33 their
711 433 171 24 successes
906 432 33 28 at
964 429 66 32 this
1050 434 232 39 metropolitan

289 469 114 27 centre
435 467 33 31 of
504 468 156 35 business
693 478 194 39 enterprise,
920 481 102 36 social
1053 483 140 40 culture,
1218 487 64 36 and

288 515 174 34 Christian
480 522 104 38 work,
608 526 101 39 rayed
726 532 69 33 out,
815 529 34 36 of
872 541 126 30 course,
1017 534 33 37 in
1068 545 96 33 every
1181 537 100 41 direc¬

284 564 83 31 tion.
414 567 281 39 Thenceforward
714 585 19 21 a
754 582 74 34 part
855 579 34 36 of
908 581 56 35 the
988 582 107 42 heavy
1111 585 75 39 load
1208 587 71 37 that

282 615 81 42 they
381 617 65 41 had
473 622 191 42 previously
690 628 126 36 carried
841 632 142 42 steadily
1007 644 88 30 grew
1119 636 161 41 lighter—

283 668 57 30 the
360 669 116 33 labour
493 672 36 32 of
549 675 152 41 creating
727 688 18 28 a
767 679 131 37 demand
922 682 48 34 for
994 684 86 32 their
1101 690 177 31 entertain¬

282 723 111 28 ments
410 722 177 33 wherever
603 726 81 42 they
694 728 121 39 offered
829 732 105 36 them.
981 735 103 33 Their
1098 741 178 39 enterprise

281 781 69 21 was
379 774 116 41 nearly
513 780 57 35 out
600 777 35 37 of
656 779 87 38 debt,
771 782 64 35 and
864 783 57 34 the
947 795 164 33 company
1134 800 85 29 were
1243 792 31 36 in

279 822 75 32 that
372 825 164 31 excellent
553 828 150 41 working
721 831 94 38 order
832 834 109 36 which
966 837 81 32 such
1067 849 40 20 an
1133 840 141 42 inspirit¬

279 873 57 40 ing
354 874 128 42 change
501 877 32 39 in
553 878 87 38 their
664 888 173 35 prospects
863 886 106 40 might
994 888 39 38 be
1060 894 156 37 expected
1239 898 33 33 to

279 931 161 34 promote.
489 929 27 36 A
534 931 177 40 campaign
737 933 144 42 through
906 937 56 39 the
987 940 161 42 principal
1167 948 105 34 towns

275 978 35 30 of
327 978 222 33 Connecticut
575 993 69 21 was
669 984 156 40 planned.
875 988 80 36 Rev.
976 992 41 32 G.
1038 993 42 31 D.
1101 994 89 39 Pike,
1210 1007 60 27 one

274 1029 34 30 of
319 1029 57 31 the
393 1030 144 32 District
552 1032 204 33 Secretaries
768 1036 34 30 of
810 1037 57 32 the
880 1039 177 35 American
1071 1044 199 45 Missionary

273 1080 222 39 Association,
523 1093 36 25 as
591 1085 74 33 well
690 1096 36 22 as
752 1086 42 32 its
818 1090 94 30 other
936 1092 136 40 officers,
1099 1096 64 36 had
1188 1099 79 33 been

272 1131 141 39 actively
438 1133 180 37 interested
650 1135 32 35 in
714 1137 56 33 the
798 1140 90 31 work
919 1141 31 31 in
974 1145 63 30 and
1062 1147 99 32 about
1188 1150 81 32 New

270 1182 99 31 York.
417 1183 45 31 As
488 1185 220 33 Connecticut
722 1199 68 20 was
807 1190 32 30 in
858 1191 50 32 his
924 1193 137 41 district,
1087 1197 39 36 he
1149 1200 118 33 offered

268 1233 57 32 the
340 1234 136 40 Singers
489 1236 51 39 his
558 1238 143 36 services
717 1250 42 24 on
777 1241 67 33 this
861 1243 75 40 trip,
955 1246 108 37 which
1081 1248 51 36 his
1144 1253 122 39 special

269 1286 243 39 acquaintance
533 1287 82 38 with
633 1289 57 36 the
707 1290 86 38 field,
819 1303 37 25 as
879 1296 73 33 well
978 1307 36 21 as
1038 1298 51 31 his
1113 1301 150 34 business

267 1340 69 27 tact
362 1337 64 31 and
451 1348 131 31 energy,
603 1341 96 39 made
717 1347 87 32 most
821 1344 168 35 welcome.
1053 1350 90 40 High
1162 1353 101 42 hopes

267 1398 84 20 were
369 1388 175 33 cherished
568 1390 74 32 that
661 1392 78 41 they
758 1394 105 41 might
883 1397 36 38 be
939 1398 71 36 able
1027 1404 33 31 to
1077 1403 83 32 raise
1177 1404 85 41 $500

267 1450 19 19 a
300 1439 91 32 week
408 1440 102 32 above
528 1442 86 31 their
630 1453 171 30 expenses.
