1725 2400
814 715 205 48 NOTE.

424 900 82 29 This
535 900 118 29 volume
681 909 102 20 covers
806 900 49 29 the
877 909 79 20 same
978 904 99 24 events
1100 909 31 20 as
1153 900 48 29 the
1223 903 54 25 two
1299 898 113 37 Jubilee

425 963 135 30 histories
588 963 94 30 which
711 973 74 20 were
813 963 111 30 written
950 964 39 36 by
1017 964 72 36 Rev.
1120 963 33 37 G.
1185 963 36 37 D.
1252 962 79 39 Pike,
1355 963 57 38 and

426 1029 95 29 which
543 1029 75 29 have
641 1029 60 29 had
729 1029 72 29 such
829 1039 17 19 a
868 1029 73 30 wide
970 1028 267 30 circulation—one
1259 1027 95 37 giving
1376 1038 36 27 an

426 1098 127 24 account
582 1095 33 27 of
633 1094 49 28 the
703 1094 61 28 first
785 1092 153 37 campaign
966 1092 30 38 in
1017 1091 143 39 America,
1182 1092 57 38 and
1262 1092 48 38 the
1332 1092 81 38 other

426 1158 35 27 of
478 1158 49 28 the
542 1158 61 28 first
616 1156 67 30 visit
698 1163 30 24 to
744 1158 88 28 Great
848 1155 117 31 Britain.
1009 1157 57 30 But
1080 1155 49 31 the
1150 1155 119 32 interval
1283 1156 129 30 between

428 1223 81 28 these
539 1227 57 24 two
624 1221 158 30 narratives
810 1220 24 31 is
855 1221 69 30 here
945 1219 123 37 bridged
1091 1228 75 28 over,
1190 1219 57 37 and
1269 1219 47 37 the
1336 1224 76 32 story

426 1287 24 29 is
472 1287 126 37 brought
627 1286 87 38 down
741 1291 30 33 to
793 1286 49 38 the
863 1290 117 34 present
1000 1284 76 40 time.
1120 1284 64 39 The
1206 1284 133 39 personal
1359 1283 54 41 his¬

427 1351 87 30 tories
528 1351 75 30 have
618 1351 77 30 been
711 1359 81 22 more
807 1349 72 37 fully
893 1347 111 39 written
1018 1353 57 33 out,
1093 1348 57 38 and
1165 1357 17 29 a
1202 1347 76 39 large
1293 1347 120 39 number

427 1417 34 27 of
478 1425 64 19 new
571 1425 87 27 songs
687 1415 75 37 have
790 1414 76 38 been
888 1413 106 39 added,
1017 1412 149 40 including
1187 1412 107 40 several
1314 1412 34 40 of
1364 1412 48 40 the

428 1487 78 24 most
527 1480 144 30 favourite
691 1479 97 38 pieces
811 1487 67 30 ever
898 1476 84 40 given
1005 1476 29 40 in
1055 1476 49 40 the
1125 1475 114 42 Jubilee
1260 1480 137 36 concerts.

1186 1540 28 36 J.
1231 1540 30 36 B.
1279 1539 32 36 T.
1330 1539 32 36 M

487 1612 120 24 London,

545 1652 60 21 Nov.
620 1650 20 24 6,
656 1650 62 27 1875.
