1733 2406
488 363 46 25 io4
737 360 84 27 THE
840 360 178 33 JUBILEE
1038 360 184 33 SINGERS.

816 849 221 32 CHAPTER
1063 850 63 31 XI.

660 942 177 23 personal
861 942 185 22 histories
1071 943 223 22 concluded.

482 1016 149 32 Thomas
643 1018 196 31 Rutling's
852 1020 88 39 early
951 1019 96 39 home
1058 1030 69 28 was
1139 1020 32 39 in
1178 1020 132 38 Wilson
1323 1019 142 40 County,

482 1067 199 39 Tennessee,
699 1068 108 37 where
830 1069 40 36 he
889 1080 68 25 was
979 1071 80 35 born
1081 1071 32 35 in
1133 1071 93 40 1854.
1275 1070 63 41 His
1360 1069 107 42 father

481 1128 68 20 was
567 1119 70 30 sold
660 1130 92 30 away
768 1120 108 39 before
899 1120 51 39 his
972 1120 98 39 birth,
1089 1122 61 38 and
1170 1121 51 39 his
1238 1121 114 40 family
1369 1131 99 30 never

482 1169 99 31 heard
606 1170 81 30 from
715 1170 68 31 him
813 1171 183 31 afterward.
1045 1172 63 30 His
1130 1173 129 30 mother
1274 1182 68 21 was
1360 1171 32 32 in
1410 1172 55 31 the

480 1220 91 31 habit
598 1221 34 30 of
654 1221 143 40 running
822 1233 93 29 away
931 1224 63 38 and
1021 1223 114 39 hiding
1161 1223 32 39 in
1219 1224 56 39 the
1293 1223 121 39 woods,
1433 1223 31 39 in

480 1271 55 30 the
553 1271 84 40 hope
655 1272 33 39 of
703 1273 156 39 escaping
876 1273 82 39 from
976 1275 139 39 slavery.
1157 1275 66 39 But
1241 1275 24 39 it
1282 1285 68 29 was
1368 1284 99 30 never

480 1332 78 30 very
576 1323 78 39 long
675 1323 107 40 before
806 1324 57 39 she
885 1325 108 38 would
1015 1326 38 37 be
1076 1326 111 37 found,
1206 1326 143 39 brought
1371 1326 93 40 back,

479 1372 139 41 flogged,
638 1374 63 39 and
729 1378 49 35 set
805 1380 33 33 to
867 1376 89 37 work
981 1376 108 40 again.
1138 1377 213 40 Whippings,
1378 1377 87 40 how¬

480 1434 83 27 ever,
582 1425 120 39 proved
720 1425 33 39 of
766 1437 42 27 no
825 1426 96 38 avail,
941 1428 63 36 and
1022 1428 57 36 she
1096 1437 69 27 was
1182 1428 114 39 finally
1314 1428 69 39 sold
1401 1428 63 39 and

480 1479 72 27 sent
569 1476 126 30 further
711 1477 108 30 south.
867 1476 84 31 Tom
968 1488 68 21 was
1058 1478 80 30 then
1161 1479 57 30 but
1238 1483 65 26 two
1320 1489 36 20 or
1371 1479 93 30 three

477 1536 96 29 years
599 1527 66 38 old,
684 1527 63 37 and
771 1527 51 37 his
849 1527 130 37 earliest
1005 1528 210 36 recollection
1234 1529 27 36 is
1278 1529 34 36 of
1332 1529 133 40 parting

478 1575 80 31 with
576 1577 51 30 his
652 1577 247 32 mother—how
918 1579 40 30 he
983 1579 94 30 stood
1099 1590 40 20 on
1160 1580 55 30 the
1233 1581 171 39 doorsteps
1428 1591 36 29 as

480 1626 57 31 she
555 1627 109 31 kissed
682 1628 67 31 him
768 1630 63 30 and
849 1629 81 30 bade
954 1629 67 31 him
1044 1630 171 41 good-bye,
1236 1632 63 39 and
1316 1631 73 40 how
1407 1632 57 39 she

479 1677 87 31 cried
591 1689 36 20 as
650 1679 79 40 they
750 1680 144 40 dragged
918 1680 59 40 her
999 1692 93 30 away
1115 1681 83 40 from
1222 1682 59 39 her
1305 1683 159 39 children.

477 1728 81 32 Two
576 1740 36 20 or
627 1730 92 30 three
742 1741 96 30 years
861 1731 174 39 afterward
1056 1732 51 39 his
1131 1733 151 38 mistress
1304 1734 69 37 told
1395 1734 68 37 him

478 1789 61 20 one
558 1779 72 40 day,
649 1791 35 29 as
711 1781 40 39 he
771 1792 68 27 was
865 1782 135 40 playing
1026 1784 125 38 around
1176 1784 57 38 the
1258 1785 114 38 house,
1391 1785 73 38 that

477 1830 78 41 they
583 1830 64 40 had
678 1830 101 40 heard
807 1832 83 39 from
922 1832 51 39 his
1007 1833 138 37 mother.
1194 1835 66 36 She
1290 1836 65 35 had
1383 1836 81 35 been

476 1880 152 41 whipped
654 1881 120 39 almost
799 1886 34 35 to
859 1882 110 39 death,
996 1884 157 39 probably
1180 1884 48 39 for
1252 1887 139 37 another
1415 1891 47 33 at¬

477 1935 105 36 tempt
599 1936 33 36 to
651 1932 111 39 obtain
785 1932 58 39 her
863 1932 165 39 freedom;
1053 1935 64 36 and
1141 1935 72 36 that
1231 1947 69 24 was
1319 1938 57 34 the
1398 1938 64 33 last

477 1982 41 30 he
549 1983 61 30 has
641 1992 75 21 ever
745 1983 99 31 heard
875 1983 82 31 from
989 1984 68 30 her.
1118 1986 52 29 He
1201 1987 66 30 had
1299 1998 41 20 an
1373 1989 91 31 older

477 2033 134 31 brother
641 2035 63 30 and
737 2035 124 30 several
894 2034 123 32 sisters.
1066 2037 97 30 Some
1193 2038 35 30 of
1258 2039 92 30 them
1378 2050 85 21 were
