1725 2400
559 312 219 27 BREAKING
801 313 84 25 THE
904 313 223 25 SHACKLES.

351 400 66 30 and
433 399 299 42 labouring—over
750 401 72 40 four
846 400 144 41 millions
1014 400 34 41 of
1070 399 162 42 bondmen
1251 410 82 31 were

351 450 163 41 suddenly
530 451 96 40 made
643 450 77 41 free.
767 450 95 41 They
872 461 84 30 were
969 450 174 41 homeless,
1156 450 176 41 penniless,

351 501 166 39 ignorant,
545 501 474 41 improvident—unprepared
1039 501 32 41 in
1086 512 96 30 every
1198 512 72 30 way
1285 501 48 40 for

351 553 57 30 the
426 553 144 40 dangers
585 563 36 30 as
636 553 74 40 well
728 563 36 30 as
783 552 57 42 the
864 552 106 41 duties
994 552 34 42 of
1048 552 152 41 freedom.
1249 552 81 42 Self-

352 603 142 31 reliance
512 603 80 40 they
602 603 65 40 had
685 613 98 30 never
799 603 65 41 had
880 603 55 40 the
953 604 210 39 opportunity
1176 608 33 36 to
1227 603 99 40 learn,

353 654 76 37 and,
448 654 162 40 suddenly
626 654 57 40 left
705 658 33 36 to
762 654 78 40 shift
858 654 48 39 for
923 654 209 40 themselves,
1152 654 78 41 they
1246 663 86 32 were

354 709 33 26 at
404 705 57 30 the
479 714 111 30 mercy
606 704 35 40 of
660 704 56 40 the
738 704 123 40 knaves
880 705 73 39 who
970 716 83 28 were
1076 705 202 40 everywhere
1296 715 35 30 so

353 755 101 40 ready
480 759 35 36 to
541 755 97 40 cheat
657 754 90 41 them
776 759 56 36 out
852 755 35 40 of
909 755 86 40 their
1022 755 116 40 honest
1165 755 164 40 earnings.

353 805 96 41 They
477 805 65 41 had
567 806 82 40 been
678 805 77 41 kept
781 806 43 40 all
849 805 86 41 their
962 806 81 40 lives
1066 806 33 40 in
1122 817 18 29 a
1164 806 110 40 school
1299 805 35 41 of

354 856 213 40 immorality,
606 856 64 40 and
702 866 81 30 even
807 856 123 40 church
955 856 219 40 membership
1199 867 66 29 was
1289 867 41 29 no

356 907 154 31 evidence
527 907 74 31 that
618 917 61 21 one
696 918 68 21 was
781 910 57 28 not
863 917 19 21 a
905 906 91 37 thief,
1015 917 18 27 a
1058 906 69 37 liar,
1146 918 35 26 or
1197 918 18 26 a
1239 907 92 36 liber¬

355 957 80 32 tine.
481 957 102 32 Their
608 958 120 31 former
757 962 139 27 masters
921 969 84 21 were
1035 969 35 21 so
1094 958 237 39 impoverished

357 1008 42 39 by
414 1008 86 40 their
517 1008 256 40 emancipation,
793 1009 97 39 along
906 1008 79 40 with
1009 1008 55 40 the
1089 1008 93 40 other
1198 1014 86 35 costs
1302 1009 33 39 of

357 1059 56 30 the
436 1069 77 27 war,
534 1059 74 38 that
636 1059 79 41 they
743 1059 65 41 had
835 1059 84 41 little
948 1059 220 40 ability—and
1191 1070 81 30 were
1297 1069 36 30 so

358 1110 214 39 exasperated
600 1110 42 40 by
667 1110 24 41 it
718 1110 73 41 that
822 1110 79 41 they
927 1110 64 41 had
1017 1110 129 41 usually
1174 1110 66 40 still
1268 1110 65 40 less

358 1160 275 40 disposition—to
651 1160 75 40 help
743 1160 102 40 them.

401 1210 72 31 The
492 1210 75 31 task
591 1211 34 30 of
646 1211 113 40 giving
781 1211 94 40 these
898 1210 87 41 freed
1009 1211 105 40 slaves
1131 1222 18 29 a
1167 1210 165 41 Christian

358 1260 177 32 education
573 1272 69 21 was
680 1261 66 31 laid
784 1261 135 40 mainly,
951 1260 170 41 therefore,
1154 1272 87 29 upon
1278 1262 55 39 the

359 1311 169 31 Christian
546 1312 115 39 people
679 1311 34 40 of
733 1311 57 40 the
809 1311 117 40 North.
975 1311 30 40 It
1021 1322 67 30 was
1106 1322 18 30 a
1141 1312 193 39 missionary

357 1362 91 31 work
465 1362 34 30 of
512 1362 81 31 such
613 1362 192 41 magnitude
823 1362 64 40 and
911 1361 170 42 character
1104 1372 36 30 as
1163 1372 41 30 no
1221 1362 113 41 people

357 1423 69 21 was
450 1423 75 21 ever
556 1413 106 30 called
693 1417 34 27 to
758 1413 76 31 take
858 1424 43 29 up
925 1413 118 39 before.
1092 1413 138 40 Schools
1252 1422 82 30 were

358 1464 252 30 started—even
628 1464 108 30 before
753 1463 57 31 the
828 1463 87 31 close
933 1463 34 31 of
979 1464 56 30 the
1053 1464 69 30 first
1140 1463 48 31 six
1204 1463 131 31 months

358 1514 34 30 of
417 1514 56 30 the
499 1514 147 30 war—in
672 1514 86 30 little
786 1513 124 36 cabins,
929 1513 33 36 in
988 1524 91 30 army
1105 1517 98 36 tents,
1221 1512 32 41 in
1278 1523 57 30 un-

357 1563 123 32 floored
499 1564 54 40 log
571 1564 146 40 chapels,
738 1564 30 40 in
788 1564 193 40 abandoned
999 1564 88 40 slave
1106 1567 111 37 marts,
1236 1563 102 42 under

358 1614 56 30 the
432 1626 84 29 open
540 1615 71 39 sky.
661 1615 179 39 Hundreds
864 1614 34 40 of
920 1615 165 39 Northern
1109 1614 111 41 ladies,
1239 1624 98 30 many

358 1665 34 30 of
405 1665 92 30 them
515 1665 83 30 from
616 1664 116 31 homes
756 1664 36 31 of
812 1665 117 40 luxury
946 1665 63 39 and
1034 1665 136 39 culture,
1189 1675 91 30 came
1304 1668 33 36 to

358 1715 98 30 teach
480 1714 95 31 these
606 1714 162 40 degraded
797 1715 114 39 people
942 1715 56 39 the
1030 1716 27 39 A
1083 1716 27 39 B
1137 1716 54 39 C's
1216 1714 34 40 of
1282 1714 56 40 the

360 1764 244 40 spelling-book
628 1765 64 39 and
711 1765 33 39 of
760 1765 168 39 Christian
948 1765 208 41 citizenship.

402 1815 72 31 The
491 1815 90 30 work
603 1826 69 21 was
693 1816 59 31 full
774 1816 34 31 of
828 1816 220 37 discomforts,
1067 1816 195 38 difficulties,
1277 1817 63 37 and

359 1866 135 39 danger.
541 1866 51 40 By
609 1867 57 39 the
682 1866 138 40 varying
837 1867 149 39 fortunes
1005 1868 34 39 of
1052 1878 67 29 war
1134 1868 54 39 the
1211 1867 129 39 schools

357 1927 86 21 were
461 1917 90 31 often
567 1917 123 30 broken
708 1928 54 29 up,
777 1917 64 39 and
854 1917 57 39 the
927 1918 152 39 teachers
1096 1917 106 39 forced
1218 1921 33 36 to
1265 1917 75 40 seek

360 1967 107 42 safety
483 1967 50 42 for
549 1967 86 42 their
651 1967 83 42 lives
756 1966 33 42 in
815 1967 105 42 flight.
978 1967 226 42 Overworked,
1224 1968 117 41 unable

1350 456 87 99 /
