1725 2400
638 327 174 28 THOMAS
829 330 85 27 RUT
912 330 107 27 LING.

333 403 72 31 also
432 405 71 30 sold
529 417 104 29 away,
656 408 64 39 and
742 408 41 38 he
810 409 78 37 does
910 413 57 33 not
993 410 96 36 know
1111 409 108 37 where
1245 411 79 39 they

333 467 57 21 are
408 468 36 21 or
459 458 152 31 whether
627 459 80 40 they
724 471 54 29 are
802 460 94 39 alive.

379 509 66 30 His
468 509 153 32 mistress
643 513 129 30 treated
798 512 69 31 him
888 514 74 30 well
981 513 33 31 in
1031 513 51 31 his
1107 513 219 32 childhood—

334 570 37 20 as
396 561 84 39 good
507 565 182 35 treatment
713 567 88 33 went
825 564 33 36 in
882 564 73 36 that
986 570 124 36 system
1135 565 72 40 that
1233 576 92 29 sepa¬

333 613 94 30 rated
450 612 143 32 families
615 625 36 20 as
674 614 27 31 if
721 615 80 41 they
817 626 84 30 were
925 617 58 39 but
1009 627 18 28 a
1051 616 80 39 herd
1158 618 34 38 of
1212 618 111 39 sheep.

335 664 54 30 He
413 675 68 20 was
506 665 78 40 kept
609 669 33 36 at
666 666 57 39 the
747 666 103 39 house
872 667 118 40 during
1010 668 57 39 the
1090 668 63 41 day
1173 672 34 36 to
1233 668 94 41 bring

333 716 95 30 wood
451 717 65 30 and
537 720 113 34 water,
669 717 65 37 and
756 718 96 36 make
875 718 137 36 himself
1032 720 107 35 useful
1163 719 33 36 in
1220 723 105 31 enter¬

333 767 132 40 taining
485 768 57 39 the
567 768 159 39 children,
746 769 64 38 and
835 774 72 33 sent
930 774 34 33 to
986 770 57 37 the
1068 770 257 40 slave-quarters

334 819 78 40 only
429 822 33 36 at
485 819 107 40 night.
641 819 91 39 Once
756 820 80 40 they
852 821 172 39 discussed
1043 821 33 39 in
1095 821 51 39 his
1170 831 156 30 presence

333 870 150 31 whether
499 871 79 39 they
594 871 108 39 would
726 872 60 39 sell
808 871 51 39 his
881 872 144 39 brother,
1045 872 64 39 and
1128 872 41 39 he
1187 883 138 27 remem¬

333 921 75 30 bers
437 921 75 31 how
539 922 153 30 troubled
719 923 81 30 both
827 933 96 27 were,
953 923 161 40 although
1141 924 80 40 they
1245 935 81 29 were

334 984 79 29 very
435 984 123 30 young,
583 974 42 39 by
648 974 57 39 the
734 979 153 35 prospect
915 975 35 39 of
974 975 200 39 separation.
1221 975 105 39 After¬

334 1024 108 30 wards
460 1024 41 30 he
517 1024 102 31 heard
641 1024 51 31 his
716 1035 110 20 owner
846 1026 130 30 remark
998 1026 72 30 that
1088 1026 40 30 he
1145 1036 67 21 was
1235 1036 90 30 sorry

334 1075 43 31 he
392 1075 54 31 did
463 1079 57 27 not
537 1076 60 30 sell
614 1075 69 31 him
701 1076 64 30 and
783 1080 58 35 put
858 1077 69 39 him
945 1077 33 39 in
996 1076 51 39 his
1064 1077 130 39 pocket.

379 1126 112 32 When
514 1127 41 31 he
571 1137 68 21 was
663 1126 91 40 eight
776 1137 95 30 years
893 1127 64 40 old,
976 1127 40 40 he
1034 1138 67 29 was
1119 1131 48 36 set
1185 1132 33 35 to
1236 1127 89 40 work

336 1178 33 30 in
397 1178 57 31 the
482 1178 76 31 field
582 1188 19 21 a
626 1182 73 36 part
728 1179 34 39 of
786 1179 57 39 the
867 1178 262 40 time—holding
1157 1189 18 29 a
1202 1178 122 40 plough

336 1230 75 30 that
436 1240 69 20 was
531 1229 100 31 about
660 1239 36 21 as
723 1229 60 31 tall
809 1239 36 21 as
873 1229 41 31 he
940 1239 79 21 was.
1066 1229 72 31 The
1166 1239 67 21 war
1260 1229 65 31 had

336 1281 120 39 begun,
475 1281 64 40 and
561 1281 57 40 the
642 1280 94 41 other
759 1280 107 41 slaves
884 1280 69 41 told
969 1280 69 41 him
1056 1279 40 42 he
1115 1284 89 36 must
1226 1280 99 41 listen

337 1332 99 40 sharp
453 1336 34 36 to
504 1332 90 40 what
609 1342 68 30 was
695 1331 70 41 said
782 1331 42 41 by
836 1331 56 41 the
906 1331 99 41 white
1023 1331 96 41 folks,
1137 1332 63 40 and
1218 1335 108 36 report

336 1388 33 26 to
389 1383 103 31 them.

382 1436 54 30 He
466 1446 69 20 was
566 1434 57 31 the
654 1434 89 31 table
773 1434 125 39 waiter,
927 1434 63 39 and
1023 1433 96 39 when
1151 1434 78 39 they
1261 1433 65 40 had

337 1486 111 30 talked
480 1497 78 20 over
588 1485 57 31 the
672 1496 174 21 war-news
873 1485 52 32 his
954 1485 150 32 mistress
1129 1484 108 33 would
1266 1494 60 30 say

336 1542 33 26 to
394 1537 80 39 him,
502 1539 20 37 "
537 1538 96 38 Now,
651 1536 96 40 Tom,
765 1547 65 29 you
854 1536 139 39 mustn't
1018 1539 111 37 repeat
1149 1545 18 30 a
1183 1534 89 42 word
1296 1534 34 42 of

336 1589 100 30 this."
483 1587 85 32 Tom
585 1587 110 33 would
718 1587 84 36 look,
820 1590 35 33 to
873 1596 58 27 use
954 1586 51 37 his
1029 1596 72 27 own
1125 1585 199 39 expression,

339 1641 19 13 "
374 1638 129 40 mighty
531 1638 174 40 obedient;
718 1638 17 40 "
764 1638 68 41 but,
852 1636 177 42 somehow,
1056 1647 96 32 every
1170 1636 88 42 slave
1284 1647 41 32 on

337 1691 57 30 the
417 1689 187 40 plantation
621 1688 110 42 would
753 1688 78 42 hear
852 1688 56 42 the
932 1698 89 31 news
1041 1687 116 42 within
1174 1698 41 32 an
1233 1687 92 42 hour.

338 1741 111 31 There
469 1751 85 21 were
581 1740 59 33 sad
665 1739 89 33 faces
774 1739 96 33 when
894 1738 56 34 the
972 1738 111 34 Union
1107 1742 113 36 troops
1242 1749 85 29 were

338 1795 165 41 whipped,
540 1795 57 41 but
629 1794 91 42 there
750 1804 68 32 was
855 1793 132 43 singing
1021 1793 43 43 all
1095 1792 144 44 through
1271 1793 55 43 the

339 1848 90 30 slave
442 1866 9 12 -
465 1850 150 36 quarters
652 1845 96 41 when
779 1845 57 42 the
867 1844 124 42 tidings
1023 1854 93 33 came
1147 1843 34 43 of
1215 1842 111 44 Union

338 1898 165 33 victories.

383 1950 71 30 One
471 1948 94 41 night
583 1948 55 41 the
656 1951 109 38 report
783 1947 34 42 of
830 1947 56 42 the
906 1944 240 45 proclamation
1165 1944 35 45 of
1216 1955 109 34 eman¬

339 2001 145 38 cipation
504 2010 103 29 came.
646 1999 73 40 The
738 2002 76 37 next
835 1998 153 42 morning
1003 1997 56 42 the
1079 1995 146 44 children
1242 2006 84 33 were
