1724 2399
453 415 33 24 24

711 403 83 25 THE
812 398 180 36 JUBILEE
1010 393 181 40 SINGERS.

457 495 62 30 and
537 491 174 40 especially
729 489 94 42 those
840 485 145 46 hitherto
1007 479 129 52 unused
1152 481 33 50 to
1205 475 150 56 self-care
1374 470 65 61 and

457 546 54 30 the
537 542 160 33 demands
723 539 33 36 of
784 533 180 42 cultivated
993 529 136 46 society,
1149 537 20 38 a
1199 531 181 44 governess
1413 519 30 56 is

458 594 122 31 needed
597 597 33 28 to
648 590 73 35 look
738 587 82 38 after
837 583 87 42 their
940 580 114 45 health
1073 577 64 48 and
1154 575 222 50 deportment.

502 645 38 28 In
557 642 93 31 those
669 638 88 38 early
774 636 79 39 days
871 633 56 42 the
945 630 108 46 duties
1071 627 34 48 of
1119 624 134 51 general
1272 631 169 45 manager,

461 695 144 30 advance
633 691 110 36 agent,
771 683 140 44 musical
943 681 153 46 director,
1123 674 229 53 ticket-seller,
1379 672 63 55 and

461 747 110 37 porter
597 740 44 44 all
666 738 56 46 fell
748 741 34 43 to
807 735 63 49 Mr.
900 732 128 52 White.
1074 729 113 55 When
1218 726 57 58 the
1308 723 136 60 Singers

462 792 111 33 halted
596 788 199 38 somewhere
818 786 49 39 for
890 787 77 39 rest,
985 782 42 44 he
1050 779 129 47 pushed
1203 776 107 50 ahead
1332 779 35 47 to
1391 774 55 52 lay

463 848 57 28 out
534 855 18 21 a
565 853 72 23 new
650 843 108 33 route;
778 834 201 42 sometimes,
993 832 96 44 when
1105 831 60 45 but
1183 839 18 37 a
1218 828 63 48 few
1297 825 150 51 appoint¬

465 898 107 29 ments
590 891 178 36 remained,
786 889 40 38 he
852 886 57 41 left
936 885 83 42 Miss
1037 882 106 45 Wells
1161 880 63 47 and
1245 878 84 49 Miss
1346 876 103 51 Shep-

466 946 90 40 pard,
574 945 57 42 the
657 941 133 45 pianist,
808 943 35 43 to
867 936 116 50 attend
1007 939 33 47 to
1065 933 91 53 them
1173 930 99 57 while
1298 929 40 57 he
1362 930 87 56 went

466 998 46 30 off
523 1000 35 28 to
574 994 96 34 make
692 1002 72 26 new
786 999 90 29 ones.
922 988 72 40 The
1013 985 137 43 Singers
1167 983 41 45 he
1225 981 78 47 kept
1322 979 33 49 in
1377 977 74 51 drill

468 1048 56 30 the
548 1047 72 31 best
649 1044 41 34 he
719 1042 107 36 could.
873 1040 28 39 A
924 1035 168 43 rehearsal
1117 1034 36 45 of
1177 1042 92 36 some
1295 1030 92 48 piece
1412 1038 41 41 on

468 1098 86 30 their
571 1093 167 40 evening's
756 1099 209 34 programme
982 1098 69 36 was
1069 1086 90 48 often
1176 1083 56 50 the
1251 1083 71 51 first
1341 1089 114 44 course

470 1149 94 30 when
582 1146 79 39 they
676 1142 158 43 gathered
852 1145 33 40 at
902 1141 56 44 the
976 1136 232 49 dinner-table.

513 1197 96 32 With
627 1196 44 33 all
693 1194 67 34 this
776 1192 90 36 work
882 1202 42 27 on
941 1190 51 39 his
1010 1188 118 40 hands,
1146 1187 93 42 there
1264 1185 55 44 lay
1341 1194 40 35 on
1405 1182 50 47 his

472 1251 94 30 heart
589 1248 57 33 the
668 1245 126 36 burden
825 1242 34 39 of
886 1239 189 42 increasing
1101 1238 77 43 debt
1205 1236 65 45 and
1296 1235 57 46 the
1383 1243 74 38 con¬

474 1300 188 32 sciousness
685 1297 85 35 that,
789 1293 97 39 while
916 1293 57 39 the
1005 1290 154 42 business
1191 1287 111 45 affairs
1335 1284 34 48 of
1404 1284 56 48 the

476 1348 192 40 University
690 1356 84 32 were
799 1344 141 45 needing
964 1342 51 46 his
1041 1349 169 39 presence,
1229 1338 57 50 the
1302 1338 67 51 fact
1387 1335 72 53 that

474 1402 40 30 he
546 1410 69 21 was
640 1398 138 38 earning
804 1407 41 29 no
874 1404 120 31 money
1026 1392 64 44 and
1122 1389 143 46 sending
1295 1388 91 48 them
1420 1396 41 39 no

474 1452 279 37 encouragement
783 1458 69 32 was
880 1445 123 45 adding
1031 1448 34 42 to
1092 1443 58 47 the
1178 1439 195 51 uneasiness
1400 1437 63 53 and

476 1503 132 39 anxiety
633 1501 36 41 of
696 1500 51 42 his
777 1497 183 45 associates
987 1500 35 42 at
1050 1494 109 48 home.
1209 1493 103 49 Many
1339 1501 20 41 a
1384 1489 80 53 time

477 1554 86 31 their
592 1553 65 32 last
683 1551 105 33 dollar
809 1559 68 26 was
900 1548 77 39 paid
1002 1551 57 36 out
1087 1545 50 42 for
1162 1543 203 44 provisions;
1401 1539 64 48 and

478 1605 39 31 he
543 1605 63 31 and
628 1602 79 40 they
729 1600 101 42 found
855 1599 152 43 frequent
1029 1596 174 47 occasions
1227 1599 34 44 to
1287 1593 99 49 adopt
1410 1591 57 51 the

479 1665 115 30 prayer
611 1655 34 41 of
658 1654 57 42 the
733 1653 54 43 old
805 1652 190 44 slave-song
1007 1660 6 36 :

651 1720 17 13 "
678 1721 24 24 O
723 1719 81 29 Lord,
825 1719 24 29 O
870 1726 47 23 my
938 1716 81 33 Lord,
1041 1716 24 33 O
1084 1725 47 24 my
1149 1714 75 35 good
1245 1713 75 36 Lord
1332 1713 6 36 !

714 1761 78 30 Keep
810 1767 45 24 me
873 1759 72 32 from
966 1757 113 34 sinking
1097 1755 106 36 down."

525 1821 66 28 But
615 1818 80 32 with
721 1827 19 22 a
765 1817 137 33 stedfast
928 1815 171 34 Christian
1123 1814 95 36 faith,
1237 1814 74 36 that
1335 1812 133 38 seemed

483 1869 83 30 little
594 1866 65 32 less
686 1865 81 33 than
796 1863 173 37 obstinacy
994 1867 34 33 to
1057 1861 96 39 those
1181 1862 74 39 who
1284 1862 98 39 could
1415 1865 57 36 not

483 1917 78 29 read
576 1914 57 31 the
651 1912 119 33 Divine
786 1910 159 37 leadings,
964 1909 41 38 he
1022 1908 75 39 held
1115 1917 54 30 on.
