1725 2400
416 363 35 26 9°

663 358 84 25 THE
766 356 180 35 JUBILEE
966 354 184 37 SINGERS.

415 441 160 39 belonged
599 445 35 36 to
660 441 57 40 the
750 449 174 32 company.
969 437 142 44 Twenty
1135 435 34 45 of
1198 435 95 46 these
1316 434 84 47 have

416 493 81 30 been
528 492 118 36 slaves,
674 491 65 38 and
770 490 94 39 three
893 488 34 41 of
954 489 57 40 the
1038 487 95 42 other
1157 486 72 43 four
1256 495 86 33 were
1371 484 33 45 of

417 543 89 30 slave
522 546 191 36 parentage.
759 540 108 42 There
890 539 27 42 is
940 542 57 39 not
1020 547 91 34 room
1134 537 33 45 in
1183 536 67 45 this
1270 536 132 45 volume

416 593 49 30 for
481 602 81 21 even
578 591 84 31 brief
679 590 155 33 histories
852 589 34 33 of
905 589 42 33 all
966 588 57 34 the
1040 587 224 41 twenty-four.
1312 586 90 42 Such

417 642 82 29 have
517 640 81 30 been
617 639 142 31 selected
777 649 36 21 as
830 638 154 39 together
1001 636 72 41 give
1085 637 57 40 the
1158 640 106 37 truest
1282 636 74 42 idea
1374 636 34 41 of

418 692 129 39 slavery
564 701 36 30 as
616 690 24 41 it
657 700 69 30 was
743 689 58 42 felt
818 690 42 41 by
876 689 56 42 the
949 687 195 43 generation
1161 691 34 39 to
1213 687 108 43 which
1347 687 55 44 the

417 741 129 42 Jubilee
564 741 135 42 Singers
714 741 138 42 belong;
879 740 35 43 of
933 740 57 43 the
1007 740 145 43 changes
1177 739 64 44 and
1266 739 137 44 difficul¬

417 793 63 31 ties
497 797 34 27 to
547 792 109 32 which
675 792 246 40 emancipation
938 791 197 41 introduced
1151 791 92 41 them
1258 802 7 30 ;
1293 791 33 41 of
1347 790 56 42 the

419 843 177 41 sympathy
627 844 64 40 and
718 843 185 41 assistance
933 843 80 42 they
1044 843 83 42 need
1160 843 64 42 and
1256 842 147 42 deserve.

419 895 72 31 The
507 894 261 32 unembellished
790 894 84 32 facts
899 894 32 33 in
954 894 55 32 the
1032 893 153 33 sketches
1203 893 73 33 that
1293 893 110 33 follow

419 946 82 30 form
519 957 18 20 a
555 945 123 31 mosaic
694 945 74 31 that
784 945 113 39 brings
915 949 56 36 out
988 945 56 40 the
1058 944 148 41 dreadful
1224 948 132 37 pattern
1373 943 34 42 of

420 997 128 40 slavery
566 1007 36 30 as
618 1007 42 30 no
678 1000 90 37 story
785 1006 36 31 or
837 1006 131 31 sermon
986 996 96 42 could
1100 995 180 42 reproduce
1297 995 36 42 it.

463 1100 99 30 Ella
610 1099 190 30 Sheppard
842 1108 69 21 was
950 1098 81 32 born
1074 1098 32 32 in
1148 1098 184 37 Nashville,
1374 1098 32 37 in

423 1151 178 40 February,
636 1150 93 41 1851.
777 1150 72 41 Her
878 1149 118 42 father,
1028 1149 99 42 while
1158 1159 18 32 a
1209 1149 100 42 slave,
1342 1149 65 42 had

420 1202 92 30 hired
537 1202 51 30 his
612 1212 73 21 own
702 1201 90 38 time,
810 1200 64 39 and
900 1200 120 39 earned
1044 1200 142 40 enough,
1206 1200 33 41 in
1256 1200 152 40 carrying

421 1264 41 19 on
480 1264 18 20 a
516 1253 102 40 livery
641 1253 116 40 stable,
774 1256 34 37 to
831 1252 66 41 buy
921 1251 51 42 his
994 1252 155 41 freedom,
1168 1251 49 42 for
1236 1251 108 42 which
1367 1251 40 42 he

421 1304 75 40 paid
515 1303 131 41 $1,800.

467 1356 63 30 His
567 1356 74 30 wife
680 1365 69 21 was
788 1355 116 31 owned
942 1355 42 39 by
1022 1365 19 29 a
1078 1354 117 41 family
1233 1354 104 41 living
1375 1354 33 41 in

423 1407 212 39 Mississippi,
654 1407 64 39 and
737 1416 80 30 soon
835 1406 83 40 after
934 1406 106 40 Ella's
1062 1406 87 40 birth
1173 1407 57 39 she
1254 1407 154 39 returned

421 1463 33 26 to
471 1458 73 31 that
564 1458 105 30 State.
712 1457 72 32 The
803 1457 131 32 mother
950 1467 68 21 was
1035 1458 131 31 worked
1184 1468 35 21 so
1238 1458 81 31 hard
1336 1457 72 32 that

420 1509 56 30 the
494 1509 85 40 baby
596 1509 96 41 could
709 1509 83 41 have
810 1509 85 41 little
913 1509 175 41 attention,
1107 1509 65 41 and
1196 1509 114 40 nearly
1335 1509 73 41 died

421 1561 34 30 of
483 1561 141 39 neglect.
672 1560 111 39 When
811 1560 26 40 it
862 1570 69 30 was
958 1560 111 40 fifteen
1098 1560 135 40 months
1260 1560 63 40 old,
1353 1560 56 40 the

420 1611 108 31 father
555 1611 101 31 heard
684 1611 73 32 that
787 1611 25 32 it
840 1621 69 21 was
933 1621 78 30 very
1035 1611 70 41 sick
1134 1611 64 40 and
1229 1615 57 36 not
1311 1611 99 41 likely

422 1663 74 30 live.
544 1662 111 39 Going
682 1667 33 35 at
744 1673 81 29 once
852 1666 35 36 to
915 1662 212 40 Mississippi,
1146 1663 41 39 he
1212 1662 126 40 bought
1359 1662 52 40 his

422 1725 72 19 own
516 1713 87 30 child
622 1713 48 30 for
687 1713 98 39 $350,
804 1713 63 39 and
889 1713 79 39 took
991 1713 36 39 it,
1047 1713 34 39 ill
1105 1724 37 28 as
1167 1713 24 39 it
1215 1725 79 27 was,
1314 1714 97 38 home

421 1764 79 30 with
519 1764 68 30 him
611 1768 34 27 to
672 1764 184 31 Nashville.
904 1764 184 31 Afterward
1113 1764 42 30 he
1177 1765 86 31 tried
1287 1770 34 27 to
1345 1767 66 39 buy

421 1815 51 31 his
496 1815 84 37 wife,
603 1814 59 38 but
695 1814 58 38 her
781 1818 125 34 master
933 1813 129 39 refused
1086 1818 33 34 to
1145 1816 59 36 sell
1228 1816 70 36 her.
1361 1818 51 39 By

423 1866 63 30 and
522 1866 42 39 by
602 1865 79 41 they
716 1874 84 32 were
837 1863 139 42 entirely
1011 1866 174 39 separated
1225 1866 82 39 from
1348 1879 62 27 one

423 1916 148 32 another.
618 1917 51 39 By
688 1915 57 40 the
765 1924 101 31 usage
891 1914 33 41 of
946 1914 129 41 slavery
1098 1915 58 40 she
1178 1926 69 29 was
1271 1918 83 37 dead
1377 1923 34 33 to

423 1968 80 38 him,
521 1967 64 39 and
603 1966 40 39 he
660 1965 141 40 married
819 1965 108 41 again.

468 2018 64 30 His
558 2018 120 32 second
705 2017 73 33 wife
804 2027 69 23 was
900 2016 70 33 also
996 2027 19 23 a
1042 2016 99 39 slave,
1168 2018 64 37 and
1262 2019 41 36 he
1332 2031 75 30 pur-
