1725 2400
445 484 238 42 INDEX
741 486 88 40 TO
888 487 246 43 MUSIC.

1290 648 57 15 PAGB

225 677 121 22 Preface
363 681 33 18 to
411 682 55 18 the
483 678 87 23 Music
1307 688 40 15 121

225 809 36 14 NO.
725 810 59 15 PAGE

225 848 35 21 92.
278 840 21 28 A
312 841 87 28 Happy
411 841 58 28 New
480 842 61 27 Year
727 849 42 21 213

226 883 35 21 60.
279 883 21 21 A
311 883 58 21 little
380 891 64 15 more
456 884 57 21 faith
525 885 23 21 in
556 884 70 30 Jesus
728 885 40 29 178

225 932 35 21 99.
279 925 96 27 Anchor
386 926 23 27 in
420 926 39 27 the
471 927 63 26 Lord
726 933 42 19 221

225 974 36 21 70.
279 967 89 28 Angels
378 968 95 27 waiting
483 972 24 24 at
519 969 38 27 the
569 969 59 27 door
729 970 39 26 189

225 1016 35 14 20.
281 1009 62 21 Been
354 1009 134 28 a-listening
729 1017 41 21 144

227 1051 33 21 16.
280 1050 119 27 Children,
413 1052 70 27 you'll
492 1052 29 27 be
531 1052 73 27 called
617 1059 30 21 on
729 1059 41 20 140

239 1092 21 21 6.
280 1092 118 26 Children,
413 1100 33 18 we
458 1094 30 24 all
500 1094 59 24 shall
570 1094 29 24 be
610 1094 46 24 free
686 1111 22 7 ...
729 1101 41 21 130

222 1140 36 22 33.
279 1134 81 28 Come,
375 1134 30 27 let
417 1141 27 21 us
455 1135 31 27 all
496 1142 31 21 go
539 1136 70 27 down
729 1137 41 26 156

223 1185 36 21 77.
279 1178 66 27 Deep
358 1179 69 27 River
730 1181 40 26 196

223 1220 36 21 61.
278 1220 48 21 Did
337 1223 42 18 not
391 1220 39 21 old
443 1220 108 21 Pharaoh
563 1224 39 23 get
614 1221 60 27 lost?
686 1238 22 9 ...
729 1228 40 20 179

224 1268 33 15 10.
277 1261 83 21 Didn't
371 1269 39 21 my
423 1261 64 28 Lord
499 1262 86 27 deliver
597 1263 110 27 Daniel...
728 1270 42 21 134

222 1308 34 22 95.
276 1303 72 27 Don't
363 1310 48 21 you
420 1304 78 27 grieve
509 1304 58 27 after
578 1311 37 20 me
726 1306 42 25 216

222 1348 34 26 85.
276 1347 77 27 Down
363 1347 31 27 by
405 1348 39 27 the
456 1348 69 27 River
725 1355 42 22 205

221 1389 35 21 66.
276 1388 117 25 Farewell,
407 1396 39 20 my
456 1389 96 27 brother
726 1392 40 26 185

236 1436 21 22 5.
276 1431 70 27 From
358 1437 66 21 every
435 1431 138 27 grave-yard
726 1440 41 21 129

220 1479 35 21 75.
274 1474 114 27 Gabriel's
417 1475 134 27 Trumpet's
581 1476 75 27 going
684 1479 24 24 to

307 1516 61 21 blow
726 1524 40 22 195

219 1564 36 22 51.
273 1559 97 27 Getting
381 1560 71 27 ready
463 1563 24 23 to
499 1560 37 27 die
726 1568 40 19 172

221 1608 34 21 17.
273 1602 57 27 Give
342 1608 37 21 me
387 1602 69 30 Jesus
726 1609 40 22 140

220 1650 33 21 19.
273 1643 37 28 Go
321 1644 75 27 down,
412 1644 81 27 Moses
726 1650 40 21 142

218 1688 35 27 56.
272 1687 44 27 Go,
330 1688 69 27 chain
411 1689 39 26 the
462 1688 61 27 Lion
535 1688 71 27 down
726 1695 41 20 174

218 1735 35 21 94.
273 1730 132 27 Good-bye,
421 1730 109 27 Brothers
725 1735 40 22 215

218 1771 35 27 89.
272 1771 70 27 Good
354 1772 40 26 old
406 1771 96 27 Chariot
722 1777 43 21 210

217 1818 35 21 90.
272 1813 75 27 Grace
723 1818 40 21 211

219 1861 33 21 14.
271 1856 82 27 Gwine
364 1858 25 24 to
400 1855 50 27 ride
461 1860 33 22 up
504 1854 24 29 in
537 1854 39 29 the
588 1853 97 30 Chariot
699 1869 6 13 .
724 1854 40 28 138

217 1898 35 27 87.
272 1897 69 27 Hard
352 1896 64 28 trials
723 1902 42 23 207

216 1941 36 26 38.
272 1939 39 28 He
321 1944 69 23 arose
725 1937 42 30 160

216 1982 36 21 88.
272 1980 39 22 He
321 1985 53 18 rose
385 1978 61 24 from
458 1977 39 25 the
509 1977 60 25 dead
723 1977 42 25 208

803 809 36 15 NO.
1290 812 59 14 PAGE

801 848 35 20 41.
858 840 57 28 He's
927 841 39 27 the
978 842 50 28 Lily
1037 844 27 26 of
1072 843 39 27 the
1119 843 83 28 Valley
1307 845 40 27 163

802 888 35 22 25.
857 882 58 28 He's
927 883 40 27 the
980 884 63 26 Lord
1055 885 25 25 of
1090 885 76 25 Lords
1306 887 40 26 148

801 930 34 21 50.
857 924 9 27 I
879 925 56 27 ain't
946 927 74 27 going
1031 930 24 24 to
1067 927 38 27 die
1116 933 31 21 no
1158 933 64 21 more
1306 935 39 20 171

801 969 34 21 68.
856 969 9 21 I
878 969 56 21 ain't
945 973 41 23 got
998 975 75 21 weary
1084 972 38 24 yet
1306 971 40 26 187

803 1018 33 15 11.
856 1011 34 22 I'll
901 1011 57 21 hear
969 1011 39 22 the
1019 1014 102 24 trumpet
1133 1011 76 27 sound
1305 1013 41 27 136

816 1061 20 21 9.
855 1054 42 27 I'm
909 1055 109 27 a-rolling
1305 1062 40 21 133

801 1103 34 15 22.
857 1097 41 21 I'm
910 1097 145 27 a-travelling
1067 1100 24 24 to
1103 1097 39 27 the
1152 1104 70 20 grave
1305 1098 40 27 146

801 1143 34 22 54.
856 1137 42 27 I'm
909 1137 73 28 going
993 1141 24 24 to
1029 1138 42 27 live
1083 1138 54 27 with
1147 1138 69 30 Jesus
1305 1146 40 22 173

801 1185 35 21 32.
856 1179 42 27 I'm
909 1185 26 21 so
946 1179 57 27 glad
1304 1186 41 22 153

801 1227 34 21 53.
855 1220 42 28 I'm
909 1221 107 27 troubled
1028 1221 23 27 in
1062 1221 65 27 mind
1255 1231 28 17 -...
1304 1229 41 21 173

799 1265 34 26 78.
855 1264 27 27 In
894 1265 79 27 Bright
986 1265 123 27 Mansions
1125 1265 74 27 above
1304 1267 40 26 198

799 1307 34 26 67.
854 1306 99 27 Inching
963 1306 72 27 along
1304 1308 41 26 186

798 1355 35 21 30.
853 1348 27 27 In
891 1348 39 27 the
943 1348 69 27 River
1023 1348 26 27 of
1053 1348 92 30 Jordan
1302 1355 41 23 153

798 1397 34 20 73.
852 1390 46 27 I've
909 1391 59 26 been
982 1390 133 27 Redeemed
1303 1399 41 21 192

799 1438 33 20 13.
853 1431 45 27 I've
908 1432 47 27 just
969 1439 66 21 come
1045 1433 60 27 from
1117 1433 39 27 the
1169 1434 116 26 Fountain
1303 1441 41 21 137

799 1481 47 15 101.
862 1474 65 30 John
940 1474 102 30 Brown's
1056 1475 67 29 Body
1301 1482 42 21 223

797 1517 34 21 26.
847 1516 189 30 Judgment-day
1047 1517 18 29 is
1077 1517 84 29 rolling
1171 1518 76 28 round
1259 1534 23 12 ...
1302 1524 42 21 149

796 1565 34 20 40.
847 1558 132 30 Judgment
990 1558 44 30 will
1047 1558 48 30 find
1106 1565 46 23 you
1163 1565 26 23 so
1302 1560 41 28 162

796 1606 34 14 21.
852 1599 68 26 Keep
931 1605 38 20 me
980 1599 60 27 from
1052 1599 93 27 sinking
1156 1599 69 26 down
1302 1605 41 22 145

795 1647 36 21 71.
852 1640 69 27 Keep
938 1647 57 21 your
1012 1640 76 27 lamps
1108 1641 110 27 trimmed
1236 1641 48 27 and

885 1681 102 27 burning
1302 1689 41 20 190

798 1730 47 15 102.
867 1723 81 22 Listen
958 1727 24 18 to
995 1723 39 22 the
1045 1722 87 27 Angels
1300 1728 42 22 225

796 1767 35 27 63.
851 1765 135 29 Love-feast
996 1766 24 28 in
1032 1765 99 29 Heaven
1302 1767 41 27 182

795 1809 35 26 76.
851 1807 71 27 Lord,
937 1807 9 27 I
959 1806 57 28 wish
1029 1806 9 28 I
1050 1806 48 28 had
1110 1813 15 21 a
1135 1812 67 22 come
1301 1806 42 28 196

798 1856 48 15 100.
866 1848 83 22 Lord's
962 1848 85 27 Prayer
1299 1854 42 21 222

796 1897 35 21 23.
851 1890 73 28 Many
935 1889 117 30 thousand
1063 1895 63 24 gone
1302 1889 40 30 146

796 1939 36 20 44.
851 1931 84 28 March
946 1937 31 22 on
1301 1930 41 29 166

797 1980 35 22 49.
852 1974 69 29 Mary
932 1973 48 30 and
992 1971 96 32 Martha
1301 1979 42 24 170
