1734 2407
607 288 84 30 ONE
710 291 192 29 MONTH'S
924 291 126 30 WORN.

1293 300 31 27 73

332 375 185 39 Rochdale,
535 377 58 37 but
612 378 53 36 his
681 380 116 42 family
813 381 191 40 subscribed
1023 383 68 40 £10
1110 385 33 38 to
1159 381 129 42 furnish
1305 393 18 30 a

331 437 92 21 room
441 433 34 26 to
499 429 79 30 bear
603 430 52 31 his
678 442 97 21 name
790 444 7 25 ;
826 433 63 36 and
914 433 40 36 he
980 434 191 36 afterwards
1185 438 102 32 wrote
1306 444 18 25 a

332 478 97 32 letter
447 483 237 40 commending
699 483 87 39 their
803 484 138 39 mission
966 496 36 27 as
1028 486 20 37 "
1064 495 61 27 one
1150 485 176 40 deserving

332 530 34 30 of
380 531 44 30 all
442 534 173 38 support,"
633 534 111 39 which
761 540 87 32 went
866 536 55 36 the
939 537 123 35 rounds
1080 537 33 36 of
1134 537 56 36 the
1208 547 118 30 papers

333 582 64 30 and
423 594 69 20 was
521 584 34 30 of
578 585 100 30 much
706 586 76 40 help
804 591 34 35 to
863 588 104 39 them.
1014 589 42 37 At
1085 588 135 38 Bolton,
1238 589 30 39 J.
1289 588 36 40 P.

334 634 144 39 Barlow,
498 636 94 39 Esq.,
613 647 82 30 gave
714 639 69 39 £50
800 639 49 39 for
866 639 62 39 five
954 650 120 28 rooms,
1095 651 60 27 one
1181 640 33 38 of
1235 641 90 37 them

332 689 34 26 to
395 685 39 30 be
459 687 121 30 named
606 688 84 30 after
714 689 174 32 President
907 690 139 31 Charles
1072 692 40 30 G.
1133 692 138 40 Finney,
1298 692 34 40 of

335 736 137 31 Oberlin
491 738 147 40 College,
658 739 33 39 in
714 741 249 37 remembrance
987 742 34 36 of
1042 742 52 36 his
1113 742 215 39 evangelistic

333 788 133 31 labours
499 789 120 42 during
645 801 18 29 a
689 795 93 36 great
810 792 123 39 revival
962 793 32 37 in
1013 793 78 37 that
1120 798 88 33 town
1233 804 96 30 years

333 839 123 32 before.

377 891 43 30 At
439 892 216 32 Manchester
670 893 81 41 they
763 905 85 29 were
866 894 167 39 fortunate
1048 895 32 39 in
1099 897 157 39 enlisting
1273 896 54 40 the

336 942 143 31 services
511 943 35 30 cf
576 944 62 31 Mr.
673 945 147 31 Richard
852 946 162 41 Johnson,
1042 948 57 39 the
1131 948 128 39 apostle
1299 948 34 39 of

336 994 123 39 ragged
492 995 142 39 schools.
692 996 51 37 No
775 1001 88 33 town
896 1008 68 25 was
996 1008 74 25 ever
1101 999 106 35 before
1240 1010 87 24 more

336 1045 204 41 thoroughly
555 1047 165 39 ploughed
738 1047 81 39 with
837 1048 203 40 advertising
1057 1050 63 39 and
1139 1061 89 27 sown
1246 1050 81 39 with

337 1096 226 37 information,
591 1098 64 35 and
681 1098 81 36 such
786 1099 90 34 work
903 1110 99 24 never
1026 1100 129 40 yielded
1181 1112 18 28 a
1223 1101 107 39 better

338 1148 146 30 harvest.
531 1147 72 32 The
627 1149 157 39 proceeds
809 1150 34 38 of
867 1150 56 38 the
948 1150 72 38 four
1044 1156 150 32 concerts
1218 1152 32 36 in
1275 1152 56 36 the

339 1199 208 30 Free-Trade
576 1200 108 39 Large
714 1200 81 39 Hall
825 1203 179 36 amounted
1031 1206 33 33 to
1086 1212 77 27 over
1194 1204 133 40 £1,200.

339 1249 84 31 This
440 1261 74 20 sum
531 1261 69 20 was
615 1251 128 30 further
758 1253 136 30 swollen
906 1252 41 39 by
961 1253 56 39 the
1032 1254 68 38 sale
1113 1254 34 37 of
1160 1254 56 37 the
1230 1254 102 37 books

339 1300 115 41 giving
471 1302 57 39 the
545 1301 127 42 history
689 1302 34 40 of
744 1303 86 39 their
855 1303 70 39 first
943 1304 175 39 American
1143 1307 186 38 campaign,

339 1352 56 30 the
412 1353 97 39 profit
532 1363 42 29 on
603 1353 93 39 these
720 1354 86 38 sales
829 1354 31 38 in
886 1365 60 27 one
970 1355 141 40 evening
1132 1356 97 39 being
1251 1357 78 39 £40.

338 1403 108 32 Three
464 1408 151 27 concerts
633 1405 152 30 followed
802 1405 33 30 in
853 1405 57 30 the
930 1406 249 31 Philharmonic
1198 1408 79 29 Hall
1296 1413 32 25 at

339 1455 189 41 Liverpool,
543 1455 81 41 with
650 1456 90 39 large
757 1456 152 39 receipts,
930 1456 57 39 the
1011 1457 71 39 first
1100 1467 60 28 one
1184 1458 147 40 yielding

342 1508 101 39 -£*325.
488 1507 73 40 The
579 1508 85 39 total
689 1507 142 41 receipts
855 1508 34 40 of
911 1508 56 40 the
986 1509 117 39 month
1128 1509 33 39 of
1181 1510 150 40 January

339 1559 181 30 amounted
537 1563 33 26 to
589 1559 135 40 £3,800.

384 1610 68 30 But
468 1609 68 30 this
561 1620 135 21 success
720 1620 68 21 was
813 1609 157 31 achieved
996 1614 33 26 at
1056 1610 56 30 the
1136 1615 70 27 cost
1231 1611 35 30 of
1287 1622 41 20 an

342 1660 171 39 appalling
540 1665 138 34 amount
706 1660 33 39 of
762 1661 100 39 work.
912 1661 165 40 Requests
1105 1662 49 39 for
1180 1667 150 34 concerts

341 1710 117 31 flowed
486 1711 32 30 in
548 1710 83 31 from
662 1711 42 30 all
733 1716 88 35 parts
850 1712 33 39 of
909 1712 54 39 the
987 1712 168 39 kingdom.
1206 1715 28 36 It
1262 1725 68 27 was

342 1762 192 39 impossible
567 1766 33 35 to
628 1763 131 40 comply
783 1763 80 40 with
892 1763 71 40 half
987 1764 34 39 of
1045 1764 103 39 them,
1178 1765 64 38 and
1274 1765 55 38 the

342 1811 238 40 investigation
606 1812 150 39 involved
781 1812 33 39 in
839 1812 153 40 deciding
1008 1814 109 39 where
1137 1818 33 34 to
1195 1825 41 28 go
1262 1824 68 29 was

343 1872 41 20 an
403 1863 200 40 exhausting
621 1863 102 39 strain
742 1874 40 29 on
807 1863 81 39 time
914 1865 63 38 and
1003 1865 162 38 strength.
1212 1866 27 37 A
1256 1870 75 33 vast

342 1917 138 27 amount
498 1914 34 30 of
554 1914 282 39 correspondence
852 1925 69 29 was
937 1914 219 39 unavoidable
1174 1915 32 39 in
1224 1915 105 39 reply¬

341 1964 57 41 ing
426 1969 33 36 to
488 1965 193 40 invitations
708 1969 34 36 to
767 1965 196 39 breakfasts,
989 1965 143 39 dinners,
1156 1966 63 39 and
1243 1970 84 35 teas,
