1725 2400
531 327 27 25 A
583 327 108 26 GOOD
710 329 171 26 NIGHTS
903 330 126 25 WORK.

278 411 78 31 held
378 417 35 26 to
435 413 79 31 seek
536 414 56 31 the
619 415 120 30 Divine
762 416 162 40 guidance
949 416 32 40 in
1007 417 153 39 deciding
1184 417 90 39 what

278 463 120 31 should
423 465 39 30 be
488 465 84 30 done
596 466 82 30 with
702 467 57 30 the
786 468 195 39 enterprise.
1031 469 52 38 No
1101 468 84 39 light
1203 478 70 29 was

277 512 102 32 found
398 525 42 20 on
457 525 66 30 any
540 515 96 40 other
653 527 115 28 course
785 517 57 38 but
860 521 33 34 to
911 528 42 29 go
969 517 151 39 forward.

323 565 159 31 Hitherto
495 567 57 30 the
567 577 165 30 company
745 567 64 39 had
825 568 64 39 had
906 579 42 28 no
961 568 190 39 distinctive
1162 579 109 27 name.

278 615 96 41 They
397 617 65 39 had
486 617 82 39 been
594 618 194 38 mentioned
822 618 33 38 in
889 630 18 26 a
944 620 191 36 Cincinnati
1170 631 102 29 paper

277 678 37 20 as
333 669 20 29 "
366 678 19 19 a
402 668 88 30 band
513 669 34 30 of
568 679 101 29 negro
689 669 171 39 minstrels
885 671 74 37 who
982 672 64 36 call
1068 672 203 36 themselves

279 719 164 30 Coloured
462 720 170 30 Christian
657 720 170 39 Singers."
869 722 31 38 It
924 732 68 27 was
1017 726 33 34 at
1077 723 192 37 Columbus,

278 768 84 30 after
387 779 42 19 an
456 768 141 30 anxious
628 770 64 29 and
722 771 122 29 almost
872 771 157 40 sleepless
1062 771 105 39 night,
1197 771 74 39 that

279 819 63 30 Mr.
372 819 114 31 White
511 820 136 30 decided
672 825 34 26 to
730 831 97 19 name
851 821 93 30 them
978 820 114 32 "The
1116 823 155 41 Jubilee

278 870 191 31 Singers."
500 870 73 31 The
588 872 63 30 Old
666 871 196 31 Testament
876 873 106 39 "year
994 873 34 39 of
1035 873 123 39 jubilee
1172 873 18 39 "
1205 873 65 39 had

278 922 123 40 always
418 922 84 40 been
518 922 57 40 the
593 922 161 40 favourite
771 924 104 39 figure
894 923 34 39 of
942 924 120 39 speech
1076 924 69 39 into
1162 924 108 38 which

276 973 57 30 the
352 973 109 30 slaves
477 978 60 34 put
553 974 87 39 their
657 984 134 30 prayers
810 974 65 40 and
897 974 103 40 hopes
1017 975 48 39 for
1083 975 186 39 emancipa¬

276 1024 82 30 tion.
405 1024 237 41 Theiryearof
649 1026 122 39 jubilee
786 1026 65 39 had
863 1026 206 39 come—this
1086 1027 84 38 little
1183 1026 86 39 band

277 1075 35 30 of
333 1075 128 40 singers
486 1086 69 29 was
579 1087 18 28 a
614 1076 136 39 witness
777 1081 34 34 to
840 1076 36 39 it,
894 1087 41 28 an
958 1077 185 39 outgrowth
1173 1077 34 39 of
1232 1077 36 39 it.

278 1125 109 31 There
405 1137 69 19 was
490 1127 78 30 thus
587 1138 18 19 a
623 1128 270 39 suggestiveness
911 1128 63 39 and
993 1128 137 39 obvious
1153 1128 115 39 fitness

277 1177 33 30 in
328 1178 57 30 the
403 1178 169 31 name—it
589 1178 66 31 had
673 1189 18 20 a
708 1179 127 30 flavour
851 1179 34 30 of
900 1178 42 31 its
960 1189 83 20 own.
1077 1179 107 30 There
1201 1190 67 19 was

279 1239 19 20 a
330 1229 140 31 musical
499 1229 155 41 euphony
682 1230 33 40 in
748 1230 36 40 it,
816 1233 66 36 too,
909 1230 65 39 and
1005 1230 26 39 it
1063 1230 138 39 "took"
1236 1234 32 36 at

276 1290 93 21 once.

320 1332 88 40 Only
432 1332 98 40 those
563 1332 75 40 who
669 1332 84 40 have
777 1332 96 39 made
900 1343 18 29 a
942 1332 99 39 study
1062 1332 34 39 of
1119 1332 150 39 catering

275 1383 49 30 for
339 1383 57 30 the
414 1383 112 39 public
545 1387 88 36 taste
654 1393 61 30 can
733 1383 119 39 realise
870 1383 74 40 how
961 1383 100 39 much
1079 1383 93 39 there
1190 1383 27 40 is
1234 1383 33 39 in

276 1445 18 20 a
311 1445 109 20 name.
467 1435 28 30 A
512 1434 145 30 novelist
675 1434 116 31 knows
808 1434 74 30 that
907 1434 56 31 the
993 1434 68 30 sale
1089 1434 34 31 of
1153 1444 18 21 a
1195 1444 73 21 new

276 1489 91 36 story
388 1485 147 39 depends
558 1485 122 39 almost
705 1495 37 30 as
765 1485 100 40 much
888 1494 87 30 upon
999 1484 42 41 its
1065 1484 74 41 title
1164 1494 36 30 as
1224 1484 41 41 its

274 1537 80 39 plot.
407 1536 112 40 Those
537 1536 75 40 who
630 1536 84 39 have
732 1536 83 40 been
833 1539 87 36 most
939 1535 123 41 closely
1079 1534 187 42 associated

273 1587 81 30 with
385 1587 57 30 the
477 1587 138 39 Singers
647 1587 83 39 have
759 1596 93 30 come
877 1590 34 36 to
938 1585 125 41 believe
1094 1585 74 41 that
1201 1584 64 42 Mr.

273 1638 146 31 White's
448 1638 207 39 christening
682 1638 34 39 of
744 1636 51 40 his
822 1646 164 30 company
1012 1646 69 30 was
1108 1635 57 42 the
1193 1635 72 42 best

275 1689 125 39 night's
416 1689 91 39 work
523 1689 42 40 he
582 1698 75 30 ever
675 1688 64 41 did.

318 1740 42 29 At
378 1739 189 31 Zanesville
591 1739 69 31 also
682 1737 87 33 their
791 1743 132 27 concert
948 1737 53 33 did
1027 1741 56 29 not
1109 1741 87 29 meet
1213 1747 51 23 ex¬

274 1801 132 29 penses.
454 1791 68 39 But
551 1800 18 30 a
595 1789 105 41 friend
729 1788 75 42 paid
833 1788 87 42 their
946 1788 90 42 hotel
1063 1788 69 42 bill,
1156 1787 108 43 which

274 1842 182 30 amounted
493 1845 36 27 to
567 1839 76 41 $27.
699 1840 104 40 What
836 1840 102 40 figure
972 1839 25 41 it
1035 1839 108 42 would
1183 1837 81 43 have

273 1893 140 31 reached
432 1893 64 31 had
514 1896 57 27 not
588 1893 57 31 the
669 1891 49 33 six
740 1891 78 39 girls
841 1890 81 40 been
946 1893 59 37 put
1028 1889 69 42 into
1119 1899 18 32 a
1161 1887 104 43 single

273 1954 93 20 room
394 1954 77 20 over
498 1954 18 20 a
545 1943 91 36 shed,
665 1942 110 36 where
807 1940 55 39 the
896 1938 215 40 bedclothing
1135 1947 69 31 was
1230 1947 34 32 so

275 1995 157 30 offensive
471 1995 75 30 that
585 1992 78 39 they
690 2001 85 30 were
805 1989 212 42 constrained
1045 1992 33 39 to
1107 1987 60 44 roll
1208 1986 56 45 the
