1725 2400
609 327 65 25 AN
687 327 104 25 IDEA
816 327 132 25 DANES
972 327 146 26 SHAPE.

1340 336 16 24 9

709 707 225 33 CHAPTER
959 708 45 31 II.

641 802 45 23 an
711 803 86 22 idea
821 801 111 24 takes
957 802 121 23 shape.

359 878 81 31 The
465 879 69 30 first
565 882 90 36 steps
680 879 144 40 towards
852 879 57 40 the
936 879 253 40 establishment
1216 879 33 40 of
1273 878 78 41 Fisk

362 930 194 40 University
571 940 84 30 were
672 930 99 40 taken
789 930 32 39 in
840 930 57 39 the
915 934 138 36 autumn
1071 931 33 39 of
1128 930 90 39 1865.
1269 930 81 39 Rev.

360 981 41 30 E.
421 981 37 30 P.
478 980 122 37 Smith,
614 981 83 36 after
709 980 176 39 rendering
901 980 188 39 invaluable
1107 980 121 39 service
1244 984 34 34 to
1295 981 56 38 the

361 1031 112 31 Union
499 1042 93 30 army
617 1031 119 41 during
759 1032 57 40 the
833 1041 69 30 war
924 1041 36 30 as
984 1031 57 41 the
1068 1031 92 41 Field
1188 1032 108 40 Agent
1321 1032 33 40 of

359 1082 57 30 the
435 1083 125 30 United
579 1083 112 30 States
708 1082 168 31 Christian
900 1082 222 31 Commission
1141 1082 67 37 (the
1227 1083 124 38 society

358 1133 121 37 which,
514 1132 104 38 under
649 1133 57 37 the
735 1133 193 39 presidency
957 1133 34 39 of
1020 1133 89 39 Hon.
1143 1133 128 39 George
1304 1133 45 39 H.

360 1185 126 37 Stuart,
506 1195 69 27 was
593 1185 82 38 such
701 1196 18 27 a
736 1184 211 39 ministering
969 1185 96 39 angel
1090 1188 33 36 to
1141 1184 55 39 the
1215 1184 135 39 soldiers

359 1235 32 31 in
423 1236 87 30 their
543 1235 102 31 social
678 1236 64 30 and
774 1235 151 41 physical
957 1245 36 30 as
1024 1236 73 40 well
1130 1246 36 30 as
1198 1236 150 40 spiritual

358 1287 127 38 needs),
504 1286 66 39 had
590 1286 72 40 just
683 1286 101 40 taken
807 1297 43 29 up
876 1286 57 40 the
952 1286 90 40 work
1064 1287 35 39 of
1123 1287 172 39 Secretary
1319 1287 35 39 of

358 1337 56 30 the
432 1338 177 30 American
628 1338 201 40 Missionary
846 1338 210 40 Association
1074 1341 33 36 at
1126 1338 200 40 Cincinnati.

402 1389 82 30 Rev.
499 1389 40 29 E.
556 1389 47 30 M.
617 1389 156 36 Cravath,
783 1389 90 39 early
885 1388 33 40 in
931 1389 55 39 the
994 1399 78 29 war,
1086 1388 64 40 had
1158 1388 189 40 exchanged

357 1438 56 30 the
426 1438 243 32 ministrations
681 1439 33 31 of
723 1450 41 20 an
777 1439 86 31 Ohio
875 1439 111 39 parish
998 1438 48 40 for
1056 1438 94 40 those
1162 1438 34 40 of
1203 1449 40 29 an
1257 1449 92 29 army

357 1489 210 40 chaplaincy.
600 1490 72 39 The
691 1500 58 29 son
767 1489 34 40 of
816 1500 19 29 a
851 1490 135 39 pioneer
999 1489 225 40 Abolitionist,
1238 1490 111 39 whose

357 1540 99 30 home
473 1551 69 20 was
561 1551 19 20 a
596 1540 84 40 busy
696 1540 123 40 station
837 1540 35 40 of
891 1540 57 40 the
967 1542 18 39 "
999 1540 241 40 Underground
1259 1539 87 41 Rail¬

356 1592 107 39 way,"
482 1590 64 41 and
564 1590 113 41 whose
694 1591 147 40 children
858 1600 85 31 were
962 1590 80 41 thus
1059 1590 188 42 inoculated
1263 1590 83 42 from

356 1641 87 30 their
459 1641 132 30 earliest
618 1641 81 39 days
714 1641 81 39 with
819 1641 218 40 anti-slavery
1053 1641 204 40 convictions
1281 1641 65 39 and

357 1702 19 18 a
408 1692 124 39 special
564 1691 138 39 interest
734 1690 33 40 in
798 1691 57 39 the
881 1691 154 39 coloured
1060 1701 85 29 race,
1173 1691 51 39 his
1255 1701 92 30 army

357 1741 194 40 experience
572 1741 66 40 had
660 1741 141 40 brought
825 1741 69 40 him
916 1741 70 40 into
1005 1742 81 39 such
1107 1742 238 40 acquaintance

356 1792 81 30 with
453 1792 57 30 the
528 1792 102 31 needs
647 1792 33 31 of
697 1792 57 31 the
773 1792 194 38 Freedmen,
986 1793 84 37 that,
1089 1797 34 33 at
1139 1794 57 36 the
1212 1793 87 37 close
1316 1792 33 38 of

355 1842 57 31 the
424 1854 78 26 war,
521 1842 41 37 he
579 1854 69 26 was
666 1843 256 36 commissioned
943 1844 42 39 by
1002 1844 55 39 the
1076 1843 207 40 Association
1299 1843 48 40 for

356 1894 123 39 special
507 1894 123 39 service
648 1894 33 39 in
700 1893 192 40 organising
916 1894 43 39 its
976 1894 132 39 schools
1130 1894 33 39 in
1179 1894 57 39 the
1254 1904 89 30 same

356 1945 210 39 department
583 1950 34 34 to
634 1944 109 39 which
764 1945 62 39 Mr.
846 1944 110 39 Smith
973 1944 65 40 had
1055 1944 81 39 been
1154 1944 165 40 assigned.

398 1995 73 30 The
498 1999 65 25 two
590 1999 67 25 met
681 1998 33 27 at
745 1994 183 31 Nashville.
978 1994 167 40 Carefully
1170 1995 175 40 surveying
