1725 2400
438 353 30 33 56
684 352 84 33 THE
787 349 179 36 JUBILEE
984 348 184 37 SINGERS.

434 441 42 39 by
498 439 56 41 the
579 437 240 43 distinguished
841 439 124 41 guests.
1013 435 130 45 Among
1158 434 96 46 those
1272 436 144 44 present,

434 491 110 30 beside
571 491 55 30 the
654 492 105 39 Royal
784 489 124 42 family,
927 498 84 33 were
1029 486 56 45 the
1104 485 96 46 Duke
1225 483 33 48 of
1281 483 135 48 Suther¬

436 542 86 37 land,
543 541 54 38 the
624 542 96 37 Duke
744 541 64 38 and
835 538 153 41 Duchess
1014 537 33 42 of
1068 535 123 44 Argyll,
1212 534 79 45 Earl
1311 534 105 45 Gran¬

434 592 87 35 ville,
546 592 64 35 and
642 593 93 34 other
768 591 164 36 members
963 589 33 38 of
1026 588 57 39 the
1115 585 158 42 nobility;
1309 585 109 42 Count

436 642 162 37 Munster,
626 643 62 36 Mr.
714 643 135 40 Motley,
876 640 64 43 and
966 639 93 44 other
1082 635 278 48 representatives
1389 635 33 48 of

435 693 57 30 the
516 693 191 39 diplomatic
732 704 116 29 corps;
887 692 58 41 the
970 691 89 42 Hon.
1092 689 87 44 John
1205 686 130 47 Bright,
1361 686 57 47 the

436 744 126 40 Bishop
579 744 33 39 of
627 745 315 39 Winchester—son
957 743 34 41 of
1011 742 57 42 the
1085 744 91 39 great
1189 738 227 46 Wilberforce,

436 795 80 30 Mrs.
529 797 109 39 Jenny
656 796 86 40 Lind
760 794 243 42 Goldschmidt,
1021 792 65 44 and
1103 792 122 45 others.

479 847 67 30 But
567 846 66 30 this
655 858 68 20 was
740 851 56 27 not
814 847 43 30 all
883 846 33 32 of
937 845 87 33 their
1039 844 84 39 good
1139 844 130 39 fortune
1298 847 33 36 at
1362 843 56 41 the

435 897 105 30 hands
558 898 34 30 of
604 898 56 30 the
675 898 107 30 Prime
798 897 162 31 Minister.
993 897 27 31 A
1031 897 61 32 few
1105 896 80 40 days
1200 895 93 41 after,
1305 906 18 30 a
1341 899 78 37 note

435 959 67 20 was
513 948 156 37 received,
683 949 32 36 in
728 949 108 36 which
851 950 62 36 Mr.
927 948 182 38 Gladstone
1124 947 82 39 said,
1222 947 18 39 "
1252 947 14 39 I
1281 946 62 39 beg
1354 957 64 29 you

435 1003 33 26 to
486 1003 113 36 accept
616 999 56 39 the
690 1009 194 30 assurances
902 998 34 41 of
956 998 56 41 the
1029 1001 93 38 great
1140 998 150 41 pleasure
1306 996 109 42 which

436 1050 56 30 the
508 1050 128 42 Jubilee
654 1050 133 42 Singers
804 1059 81 32 gave
904 1059 41 33 on
962 1049 144 42 Monday
1119 1051 33 40 to
1166 1058 59 33 our
1236 1047 184 45 illustrious

436 1104 124 35 guests,
580 1101 63 39 and
667 1104 33 35 to
726 1101 42 39 all
792 1100 74 39 who
891 1099 101 40 heard
1015 1098 103 41 them.
1167 1100 13 39 I
1200 1098 119 42 should
1336 1098 83 41 wish

436 1156 33 25 to
487 1152 78 30 offer
582 1162 18 20 a
622 1151 84 31 little
731 1155 132 36 present
885 1150 33 41 in
934 1150 101 41 books
1056 1149 33 42 in
1113 1149 308 42 acknowledgment

438 1201 34 30 of
505 1201 87 30 their
629 1202 165 37 kindness,
835 1201 63 38 and
938 1200 32 39 in
1010 1200 195 39 connection
1245 1200 81 39 with
1365 1200 55 39 the

438 1263 168 30 purposes,
626 1263 36 29 as
685 1253 78 39 they
787 1253 83 39 have
894 1252 206 40 announced,
1119 1251 34 41 of
1176 1251 85 42 their
1284 1251 78 42 visit
1386 1255 34 37 to

438 1303 165 39 England.
652 1304 30 39 It
700 1303 60 39 has
778 1302 155 40 occurred
954 1306 33 36 to
1010 1313 51 30 me
1086 1302 72 40 that
1185 1302 141 41 perhaps
1342 1302 80 40 they

439 1355 105 39 might
569 1354 64 39 like
660 1358 33 36 to
723 1354 166 39 breakfast
915 1353 80 40 with
1025 1364 48 30 us,
1092 1365 54 29 my
1170 1353 116 40 family
1311 1353 64 40 and
1404 1364 19 30 a

438 1416 78 30 very
528 1405 60 40 few
604 1405 132 40 friends,
751 1405 58 40 but
828 1406 13 39 I
861 1404 108 41 would
987 1408 57 37 not
1061 1404 60 41 ask
1137 1404 67 42 this
1221 1404 113 42 unless
1353 1404 24 41 it
1394 1404 27 41 is

438 1455 197 39 thoroughly
666 1456 169 39 agreeable
862 1460 33 36 to
924 1455 126 41 them."
1096 1454 72 42 The
1201 1458 76 37 note
1311 1455 112 40 closed

438 1506 79 30 with
536 1507 192 39 suggesting
750 1518 18 29 a
792 1507 63 40 day
872 1516 40 31 on
929 1506 108 42 which
1055 1506 40 42 he
1112 1506 109 42 would
1239 1506 38 42 be
1294 1506 77 41 glad
1387 1510 34 37 to

440 1557 162 30 entertain
619 1557 55 36 tlje
693 1561 105 36 party.

480 1608 72 30 The
584 1608 174 32 invitation
791 1620 68 20 was
891 1608 34 31 of
961 1619 114 21 course
1107 1608 113 40 gladly
1251 1610 168 39 accepted.

440 1659 98 30 Aside
560 1659 83 30 from
659 1659 57 30 the
734 1659 141 40 especial
900 1659 75 40 help
1001 1659 25 40 it
1050 1659 106 40 might
1179 1659 74 40 give
1274 1660 93 39 them
1391 1660 34 39 in

439 1710 86 30 their
543 1710 189 30 immediate
759 1711 99 37 work,
879 1710 24 38 it
930 1721 68 27 was
1026 1710 57 38 felt
1111 1711 74 37 that
1211 1711 81 37 such
1318 1716 106 33 atten¬

440 1761 89 30 tions
546 1764 33 27 to
597 1771 18 20 a
636 1771 162 30 company
826 1761 34 39 of
885 1761 153 40 coloured
1063 1762 126 39 people,
1212 1761 69 39 just
1311 1767 56 34 out
1396 1763 34 38 of

441 1812 159 39 bondage,
628 1811 42 39 by
695 1812 56 39 the
781 1812 109 39 Prime
915 1812 153 39 Minister
1092 1812 34 38 of
1152 1813 102 37 Great
1282 1813 142 38 Britain,

441 1872 67 20 was
537 1873 18 19 a
582 1861 120 31 rebuke
730 1866 33 27 to
792 1862 57 30 the
878 1866 91 27 caste
996 1862 93 39 spirit
1115 1863 32 39 in
1173 1864 153 37 America
1352 1866 73 36 that

441 1914 108 30 would
574 1912 39 31 do
642 1916 91 36 great
762 1913 93 39 good.
903 1911 102 40 Their
1029 1913 71 39 first
1124 1914 77 38 visit
1227 1918 34 33 to
1287 1916 138 36 Carlton

444 1964 114 30 House
590 1962 140 31 Terrace
763 1974 68 20 was
862 1968 33 26 to
929 1963 162 30 entertain
1125 1964 43 30 its
1200 1969 126 35 guests,
1351 1977 75 27 now

443 2014 78 39 they
544 2024 83 30 were
651 2017 34 36 to
709 2014 38 39 be
771 2013 200 40 themselves
998 2014 42 39 its
1065 2019 126 34 guests.
1240 2016 63 38 Mr.
1323 2017 101 36 Glad-
