1725 2400
633 318 139 27 LARGE
790 318 210 27 RECEIPTS.

1280 324 33 27 39

321 403 116 30 attend
465 403 65 30 and
555 403 107 41 enjoy.
711 404 108 40 There
843 416 68 28 was
936 404 82 40 need
1040 405 33 39 of
1095 404 64 40 and
1184 414 18 30 a
1226 404 83 40 wide

321 453 144 30 demand
483 453 49 31 for
552 453 71 39 just
650 454 81 39 such
756 454 162 39 healthful
936 453 64 39 and
1017 453 167 41 elevating
1207 453 102 41 diver¬

322 501 72 30 sion
413 513 36 19 as
467 503 94 30 these
580 508 151 26 concerts
750 503 154 31 afforded.

367 552 192 40 Beginning
579 552 81 40 with
688 553 126 39 several
843 556 150 36 concerts
1018 552 33 39 in
1077 553 136 39 Boston,
1232 552 78 40 they

323 613 75 21 now
414 603 120 31 visited
557 604 224 39 successively
797 603 57 40 the
878 615 89 29 more
992 604 186 39 prominent
1202 603 110 40 points

324 654 33 30 in
376 655 270 31 Massachusetts
672 655 64 31 and
761 655 117 31 Rhode
903 655 123 36 Island,
1047 655 64 36 and
1134 665 19 27 a
1176 654 138 37 number

325 706 34 30 of
381 707 113 39 places
516 706 33 40 in
574 706 123 40 Maine,
717 707 83 39 New
819 706 215 40 Hampshire,
1053 707 64 39 and
1135 706 171 40 Vermont,

326 758 147 39 meeting
489 758 209 40 everywhere
715 768 41 30 an
775 757 208 41 enthusiasm
1002 757 64 41 and
1077 768 18 30 a
1108 756 203 42 helpfulness

324 808 84 31 from
434 809 125 30 friends
587 813 57 27 not
671 809 111 30 unlike
810 808 74 31 that
916 809 42 39 by
984 807 109 40 which
1125 807 79 41 they
1228 817 83 30 were

326 860 101 30 borne
443 860 147 40 through
608 860 220 40 Connecticut
845 859 57 41 the
920 859 115 41 month
1061 858 162 42 previous.

369 913 133 39 Among
533 912 57 39 the
622 916 151 36 presents
804 911 147 41 received
984 910 32 42 in
1050 911 126 41 Boston
1200 920 67 32 was
1293 919 18 33 a

327 963 120 38 j$i,ooo
486 974 102 30 organ
634 963 49 40 for
727 963 57 41 the
832 960 204 43 University,
1076 961 82 42 from
1206 960 108 44 Smith

329 1015 174 30 Brothers.
565 1015 91 30 Hon.
692 1014 39 32 A.
767 1014 38 32 C.
840 1013 163 36 Barstow,
1032 1012 34 37 of
1103 1011 211 39 Providence,

330 1066 66 30 had
412 1065 102 31 heard
531 1065 93 31 them
648 1068 33 28 at
705 1063 146 36 Oberlin,
875 1064 63 36 and
964 1063 156 36 tendered
1146 1062 90 38 them
1261 1061 55 39 the

330 1128 59 20 use
415 1118 34 30 of
474 1116 51 32 his
554 1115 162 33 beautiful
741 1113 191 35 music-hall
958 1116 33 32 at
1013 1113 73 35 that
1114 1112 76 40 city,
1209 1112 107 40 where

330 1169 87 31 their
434 1172 151 28 concerts
602 1177 85 23 were
700 1176 62 24 one
776 1165 153 39 repeated
942 1164 144 41 ovation.
1129 1163 188 42 Returning

330 1224 34 27 to
396 1220 57 31 the
486 1229 92 22 same
616 1218 67 39 city
716 1227 90 30 some
839 1216 79 41 days
951 1214 249 43 subsequently,
1235 1213 82 44 after

332 1271 135 40 singing
497 1275 33 36 at
562 1270 202 41 Worcester,
806 1267 191 44 Lawrence,
1039 1265 134 46 Lowell,
1208 1264 107 47 Lynn,

331 1322 199 36 Wakefield,
561 1319 163 39 Andover,
752 1317 284 41 Cambridgeport,
1061 1315 167 42 Tauriton,
1254 1314 63 43 and

332 1375 96 30 other
454 1373 121 41 points,
606 1371 139 43 another
774 1372 132 42 concert
933 1367 129 47 yielded
1097 1366 90 48 them
1220 1366 98 48 about

331 1425 132 39 $1,000.

375 1478 44 30 At
450 1475 153 33 Andover
634 1473 64 34 and
726 1472 156 36 Taunton
919 1470 57 37 the
1011 1468 165 40 good-will
1201 1468 34 40 of
1263 1467 55 42 the

334 1529 116 40 people
486 1527 79 42 took
602 1524 58 45 the
699 1524 101 45 shape
840 1522 33 47 of
908 1520 240 49 contributions
1182 1518 49 51 for
1262 1517 57 52 the

334 1580 165 40 purchase
540 1577 34 43 of
621 1575 103 45 books
771 1574 49 46 for
858 1572 56 48 the
957 1570 192 50 University
1187 1569 129 51 library.

336 1630 174 38 Reaching
537 1629 129 39 Boston
693 1625 107 43 again,
823 1621 118 47 $1,235
972 1632 66 36 was
1063 1620 98 48 taken
1183 1619 32 49 in
1242 1623 33 45 at
1300 1629 18 39 a

335 1683 132 31 matinee
498 1690 42 24 on
573 1677 168 39 Saturday
775 1674 183 42 afternoon,
990 1671 56 45 the
1085 1671 122 45 largest
1245 1680 72 36 sum

337 1744 76 21 ever
444 1730 141 35 realised
615 1738 42 29 up
687 1731 34 36 to
744 1726 72 41 that
845 1725 80 42 time
950 1723 82 44 from
1057 1722 56 45 the
1138 1719 179 48 admission

337 1784 142 39 receipts
497 1782 95 41 alone
609 1779 34 45 of
664 1789 66 34 any
747 1787 60 36 one
825 1773 269 50 entertainment.

379 1834 104 32 Their
504 1842 111 29 songs,
633 1830 109 42 which
768 1827 65 44 had
855 1827 81 45 been
961 1824 131 47 written
1116 1826 56 45 out
1195 1822 48 49 for
1266 1821 55 51 the

337 1885 73 34 first
441 1885 81 34 time
553 1884 42 39 by
628 1881 63 42 Mr.
725 1878 171 45 Theodore
930 1878 37 45 F.
999 1874 143 49 Seward,
1174 1873 55 50 the
1262 1871 60 52 dis¬

337 1935 192 43 tinguished
556 1933 136 45 teacher
717 1930 65 48 and
811 1937 180 42 composer,
1011 1926 63 53 and
1095 1923 171 56 published
1291 1921 32 57 in

337 1989 198 36 book-form,
556 1995 84 31 were
667 1982 70 44 sold
765 1981 42 45 by
829 1977 167 49 hundreds
1013 1980 33 46 at
1062 1975 84 51 their
1164 1975 158 51 concerts,
