1725 2400
479 349 18 25 6

728 351 84 24 THE
831 350 180 33 JUBILEE
1030 351 183 32 SINGERS.

478 435 191 30 sometimes
686 438 33 27 to
737 435 111 30 obtain
866 435 141 30 suitable
1023 435 84 36 food,
1125 435 134 37 shelter,
1274 445 36 27 or
1327 435 141 37 medical

480 486 209 36 attendance,
708 495 99 30 man)'
827 485 34 39 of
885 485 94 39 these
1003 485 99 39 brave
1125 495 130 30 women
1283 485 65 39 laid
1371 485 95 39 down

477 535 87 30 their
580 535 79 30 lives
678 535 31 30 in
727 535 56 30 the
801 545 110 27 cause,
930 545 37 27 as
989 535 89 39 truly
1098 545 36 29 as
1158 545 19 29 a
1202 534 120 39 soldier
1344 534 74 39 who
1440 536 27 38 is

477 585 114 30 buried
615 595 40 21 on
687 585 56 30 the
768 585 75 31 field
869 585 34 31 of
923 585 115 31 battle.
1086 585 93 30 Even
1207 585 84 31 after
1315 585 57 31 the
1400 594 68 21 war

474 636 80 39 they
570 645 85 29 were
672 635 150 39 shunned
840 645 36 29 as
894 635 107 39 lepers
1017 634 33 40 in
1069 635 164 39 Southern
1249 635 136 39 society,
1402 636 64 39 and

476 696 89 21 more
597 684 81 32 than
710 696 61 21 one
804 685 135 31 teacher
973 696 69 20 was
1075 685 227 31 assassinated
1335 686 42 39 by
1409 686 56 39 the

478 738 50 30 Ku
552 737 87 30 Klux
662 737 141 31 banditti
827 737 49 31 for
899 737 146 39 refusing
1068 741 33 36 to
1126 738 84 40 obey
1228 738 88 40 their
1340 747 123 30 anony¬

475 798 95 21 mous
590 788 167 40 warnings
780 792 34 36 to
840 788 73 40 give
941 798 43 30 up
1009 789 57 39 the
1091 789 90 39 work
1206 788 64 40 and
1293 788 93 40 leave
1406 788 57 40 the

474 839 105 31 State.

516 890 66 29 But
600 889 85 31 their
702 888 136 32 mission
851 899 68 21 was
932 893 57 27 not
1001 888 141 32 without
1155 888 44 32 its
1218 888 148 40 brighter
1380 888 81 41 side.

473 939 102 30 God's
608 939 101 41 Spirit
750 950 67 30 was
849 939 88 41 often
977 943 132 36 present
1148 939 81 40 with
1267 939 195 41 converting

472 1000 109 29 power
609 990 33 39 in
670 990 56 39 the
753 990 142 39 schools,
927 990 64 39 and
1017 990 32 39 in
1078 990 56 39 the
1161 990 299 41 prayer-meetings

472 1041 71 30 that
575 1041 123 40 always
726 1045 87 36 went
846 1040 243 42 hand-in-hand
1114 1041 81 41 with
1221 1041 56 40 the
1314 1041 144 41 schools.

469 1092 52 30 All
549 1092 87 30 their
660 1092 91 36 lives,
779 1092 57 37 the
867 1092 73 37 lash
966 1102 36 27 or
1026 1092 57 36 the
1118 1092 250 37 auction-block
1394 1092 64 36 had

468 1143 82 30 been
573 1142 56 31 the
657 1142 85 31 swift
767 1142 136 40 penalty
924 1142 49 40 for
995 1143 108 39 slaves
1128 1143 74 39 who
1224 1153 84 29 were
1334 1143 123 39 caught

467 1193 150 40 learning
639 1197 34 36 to
697 1193 88 40 read.
834 1194 84 39 Now
939 1193 74 40 that
1038 1194 57 39 the
1123 1194 114 39 fetters
1266 1194 66 39 had
1356 1194 99 39 fallen

466 1245 83 30 from
567 1245 90 30 mind
675 1255 36 20 as
729 1245 73 30 well
820 1255 36 20 as
873 1244 85 40 body
983 1244 92 40 there
1101 1254 93 30 came
1215 1255 41 29 an
1277 1255 177 29 eagerness

465 1299 33 27 to
516 1296 90 30 learn
624 1295 73 31 that
714 1305 68 21 was
798 1295 63 31 like
879 1305 18 21 a
922 1295 198 40 consuming
1144 1295 68 40 fire.
1261 1295 71 40 The
1350 1296 103 39 world

465 1357 98 20 never
594 1356 68 21 saw
693 1346 80 31 such
806 1356 18 21 a
856 1345 87 41 sight
975 1346 108 40 before
1118 1357 35 29 as
1189 1346 94 40 these
1320 1347 132 39 schools

464 1398 185 39 presented.

506 1449 158 31 Families
681 1449 142 39 pinched
840 1449 79 39 with
944 1449 127 40 hunger
1092 1449 101 40 asked
1210 1459 90 30 more
1318 1450 132 39 eagerly

462 1500 48 30 for
537 1500 130 31 schools
690 1500 81 30 than
795 1500 49 31 for
865 1500 110 31 bread.
1032 1500 143 30 Women
1206 1500 33 31 of
1260 1500 188 30 threescore

460 1551 64 30 and
542 1556 55 27 ten
615 1551 191 32 sometimes
825 1551 165 32 mastered
1008 1551 57 31 the
1083 1551 156 39 alphabet
1257 1551 32 40 in
1308 1561 19 30 a
1344 1551 103 39 week.

459 1603 64 30 Old
555 1613 75 21 men
663 1603 78 30 bent
773 1613 76 21 over
872 1603 57 30 the
956 1612 90 21 same
1077 1602 262 40 spelling-books
1367 1602 81 40 with

459 1653 86 30 their
574 1653 266 39 grandchildren.
903 1653 141 39 Fathers
1068 1653 109 39 would
1202 1653 90 40 work
1316 1653 43 39 all
1384 1653 64 40 day

457 1709 33 25 to
520 1708 136 35 support
687 1704 87 39 their
799 1704 152 39 families,
971 1704 63 39 and
1063 1704 86 39 walk
1173 1714 98 30 every
1293 1704 94 41 night
1412 1707 34 37 to

456 1764 42 21 an
528 1754 140 39 evening
695 1755 112 39 school
831 1755 90 39 eight
943 1765 36 28 or
1001 1760 55 33 ten
1082 1755 95 38 miles
1201 1765 105 30 away.
1355 1755 90 40 Girls

457 1805 186 39 suspended
660 1804 82 40 from
762 1805 113 39 school
892 1805 175 39 privileges
1085 1805 48 39 for
1157 1816 19 28 a
1196 1806 62 39 few
1285 1806 91 39 days,
1395 1806 50 39 for

456 1866 90 20 some
585 1854 237 39 wrong-doing,
855 1855 109 39 would
1000 1855 95 39 plead
1134 1855 130 39 instead
1303 1854 51 39 for
1386 1855 57 39 the

455 1906 134 39 penalty
620 1906 34 39 of
682 1916 18 29 a
731 1905 179 39 whipping.
959 1905 72 40 The
1063 1905 147 39 children
1236 1905 34 39 of
1291 1915 18 30 a
1333 1904 108 41 whole

454 1956 111 30 school
594 1956 107 30 would
732 1961 75 26 vote
840 1956 237 39 unanimously
1107 1956 48 39 for
1190 1966 19 28 a
1241 1956 127 39 session
1409 1957 36 37 of

454 2007 97 39 study
576 2006 32 40 in
632 2006 186 40 preference
843 2010 33 36 to
900 2006 56 40 the
976 2006 133 40 holiday
1131 2006 120 40 offered
1275 2010 33 36 to
1333 2007 104 39 them.
