1725 2400
579 340 242 28 FREDERICK
838 342 30 34 J.
889 342 84 35 LOU
970 341 83 36 DIN.

1266 347 46 27 107

327 424 75 36 tory
423 421 222 40 department,
664 424 40 37 he
727 435 69 26 was
820 425 107 40 coolly
952 425 159 40 informed
1139 423 74 42 that
1240 424 79 41 they

330 471 54 30 did
410 477 58 27 not
500 474 126 31 receive
658 476 153 30 coloured
844 477 164 30 students.
1057 476 63 31 His
1143 476 82 31 farm
1251 485 68 22 was

329 524 99 30 taxed
452 525 49 30 for
526 525 57 30 the
612 532 137 34 support
774 528 34 39 of
828 528 56 39 the
909 528 111 40 public
1044 528 142 40 schools,
1212 527 58 41 but
1295 527 24 41 it

328 585 69 20 was
424 586 42 20 an
496 578 207 39 exceptional
731 579 117 39 favour
874 579 49 38 for
946 580 94 37 those
1066 579 80 39 days
1170 579 73 40 that
1268 578 51 41 his

330 627 148 31 children
495 639 84 20 were
606 630 139 30 allowed
769 634 34 27 to
828 630 96 30 share
941 630 87 30 their
1044 630 186 39 privileges.
1278 629 39 41 In

331 678 173 39 Ravenna,
526 680 108 37 where
659 681 132 36 Loudin
811 687 87 30 went
925 686 33 31 to
982 682 113 35 school
1119 681 48 36 for
1188 693 18 24 a
1227 681 91 37 time,

329 729 57 30 the
403 735 90 26 seats
510 730 33 30 in
560 732 57 30 the
642 732 207 30 schoolroom
867 743 84 20 were
969 732 152 39 assigned
1146 732 175 40 according

330 785 33 27 to
383 781 221 41 scholarship.
654 783 53 39 He
721 794 69 28 was
808 783 150 39 studious
977 784 63 38 and
1058 783 97 39 quick
1167 787 33 36 to
1218 784 100 39 learn,

330 833 58 30 but
414 833 97 31 when
538 834 41 30 he
603 845 69 19 was
697 834 102 30 found
828 835 138 30 entitled
990 834 42 39 by
1053 835 57 39 the
1134 834 87 39 rules
1245 838 33 36 to
1304 845 17 29 a

332 884 117 39 higher
466 888 72 35 seat
555 885 82 39 than
656 886 126 37 several
807 886 163 37 members
993 885 34 38 of
1046 885 51 38 his
1120 886 97 37 class,
1236 885 87 39 their

332 939 136 35 parents
492 936 78 38 took
596 937 86 37 their
708 937 147 37 children
874 941 56 33 out
948 937 34 37 of
996 936 123 38 school,
1138 936 31 38 in
1188 947 18 27 a
1224 936 97 39 white

333 987 78 30 heat
438 987 34 30 of
495 987 106 30 wrath
626 988 74 30 that
727 988 40 30 he
793 988 119 30 should
936 992 57 27 not
1018 987 77 40 only
1111 987 84 40 have
1213 998 18 30 a
1248 990 70 37 seat

334 1038 111 30 beside
470 1038 59 30 but
554 1038 102 30 above
680 1039 107 30 them!

378 1089 186 30 Converted
582 1089 96 30 when
703 1101 18 19 a
746 1090 63 36 lad,
829 1090 40 36 he
886 1100 68 27 was
981 1089 161 38 admitted
1164 1093 33 33 to
1221 1099 99 27 mem¬

334 1140 133 39 bership
490 1140 33 39 in
545 1141 55 39 the
624 1140 182 39 Methodist
831 1140 123 39 church
979 1143 33 36 at
1035 1140 56 39 the
1109 1150 90 30 same
1217 1140 103 39 place,

336 1191 54 30 He
417 1202 69 21 was
518 1192 80 30 then
632 1203 18 20 a
681 1192 153 39 printer's
867 1191 201 40 apprentice.
1119 1191 63 40 His
1212 1201 111 30 wages

333 1253 86 20 were
438 1242 63 40 $45
519 1253 88 30 year,
627 1242 63 40 and
708 1243 40 39 he
765 1252 82 30 gave
867 1241 41 42 $5
927 1242 33 41 of
973 1242 66 41 this
1056 1245 34 37 to
1111 1242 56 41 the
1186 1241 134 42 church.

336 1293 138 39 Having
500 1304 18 29 a
546 1293 187 40 reputation
753 1303 121 30 among
900 1293 51 40 his
975 1291 258 42 acquaintances
1251 1302 36 31 as
1304 1303 18 30 a

334 1344 86 39 good
438 1345 120 39 singer,
576 1345 41 39 he
641 1344 141 40 applied,
805 1348 64 36 two
891 1354 36 30 or
948 1344 92 41 three
1056 1353 95 31 years
1178 1343 84 42 after
1283 1343 39 42 he

334 1396 136 30 became
483 1407 19 20 a
515 1395 123 31 church
657 1395 156 37 member,
825 1395 49 37 for
891 1395 179 38 admission
1090 1398 33 35 to
1146 1393 55 39 the
1220 1394 101 39 choir.

334 1447 51 31 To
402 1448 51 30 his
476 1447 146 40 surprise
640 1447 64 40 and
722 1446 219 41 indignation,
960 1446 51 42 his
1037 1445 201 42 application
1254 1455 67 32 was

335 1499 141 36 refused,
501 1499 143 36 because
669 1498 34 37 of
731 1497 51 38 his
809 1498 121 37 colour.
989 1497 53 38 He
1074 1496 95 39 made
1201 1506 42 30 up
1272 1495 51 40 his

335 1550 92 30 mind
452 1549 74 31 that
558 1549 40 31 he
631 1559 69 21 was
729 1552 56 28 not
812 1548 99 39 likely
938 1551 34 36 to
1002 1550 54 36 get
1089 1556 36 30 or
1155 1545 39 41 do
1224 1545 99 41 much

336 1611 90 20 more
444 1602 84 39 good
546 1601 32 39 in
597 1600 75 40 that
692 1599 134 41 church,
846 1598 63 42 and
934 1598 40 42 he
1001 1606 99 34 never
1122 1596 151 45 troubled
1297 1596 25 45 it

336 1652 81 30 with
441 1652 51 30 his
516 1661 159 30 presence
702 1649 183 42 afterward.

380 1702 112 32 When
521 1713 19 21 a
564 1711 112 30 young
701 1711 76 30 man
801 1700 40 42 he
863 1698 100 43 found
987 1698 133 43 himself
1135 1698 32 44 in
1184 1697 56 45 the
1257 1697 66 45 city

338 1754 34 31 of
387 1753 191 36 Cleveland,
598 1752 64 37 and
686 1751 128 40 obliged
837 1755 33 36 to
896 1749 112 42 obtain
1034 1749 151 42 lodgings
1203 1749 49 42 for
1268 1749 56 42 the

338 1805 107 39 night.
492 1803 111 41 Going
630 1803 83 42 from
749 1812 60 32 one
840 1801 90 43 hotel
958 1805 33 39 to
1020 1800 147 44 another,
1193 1800 41 45 he
1257 1809 68 36 was

338 1855 130 31 refused
493 1855 43 39 by
555 1854 81 40 each
665 1854 33 41 in
725 1857 86 37 turn.
860 1853 30 42 It
918 1863 68 32 was
1012 1851 112 43 nearly
1149 1849 174 45 midnight,

339 1907 64 31 and
420 1906 77 39 only
515 1916 61 30 one
601 1905 169 41 remained
795 1903 177 42 unvisited,
993 1902 64 43 and
1075 1902 73 44 that
1165 1901 56 45 the
1239 1900 84 45 lead¬

339 1958 57 39 ing
417 1956 89 41 hotel
531 1956 34 41 of
588 1956 56 41 the
669 1956 77 42 city.
797 1954 108 43 Using
926 1964 18 33 a
969 1953 84 45 little
1072 1954 146 43 strategy
1235 1950 89 48 here,

339 2010 41 30 he
399 2009 51 31 led
467 2008 91 32 them
576 2011 34 29 to
628 2016 142 31 suppose
795 2005 41 42 he
860 2015 69 33 was
952 2015 18 33 a
993 2004 89 44 slave
1100 2001 175 47 travelling
1293 2001 32 47 in
