1725 2400
687 328 27 25 A
735 328 113 26 BUSY
864 327 111 27 HIVE.

1295 329 27 24 13

329 404 82 41 they
438 404 137 41 became
608 404 156 41 qualified
795 404 50 41 for
872 403 57 42 the
960 402 90 42 work
1081 402 57 43 the
1171 402 153 42 students

330 459 90 27 went
438 459 57 27 out
512 460 35 27 to
572 455 372 32 teach—missionaries
962 458 34 29 to
1014 453 49 33 lift
1082 464 43 29 up
1142 452 88 41 their
1246 453 78 40 less-

330 506 159 33 favoured
507 507 138 31 fellows.
696 507 103 40 Many
816 506 35 41 of
870 506 93 41 them
981 505 33 42 in
1032 504 66 42 this
1116 515 73 32 way
1206 503 120 44 earned

331 558 57 31 the
414 570 120 30 money
557 558 76 41 that
658 558 140 41 enabled
819 557 93 42 them
941 561 34 39 to
1002 560 111 39 return
1143 555 96 45 again
1263 554 63 45 and

332 620 42 29 go
397 620 42 29 on
460 609 129 39 further
612 609 81 40 with
718 609 88 40 their
830 619 72 30 own
927 608 137 41 studies.
1114 608 39 41 In
1178 618 18 31 a
1221 606 105 43 single

328 672 81 29 year
426 672 36 30 as
486 672 102 29 many
605 672 36 30 as
662 670 117 31 10,000
798 660 148 41 children
968 660 84 41 have
1074 660 81 42 been
1179 657 145 44 enrolled

330 712 33 30 in
382 712 57 31 the
458 712 133 31 schools
608 711 120 41 taught
745 712 42 40 by
803 712 153 40 teachers
970 714 73 38 sent
1060 713 57 39 out
1131 709 82 43 from
1232 708 90 44 Fisk,

330 763 210 39 —teachers,
560 774 93 28 some
679 762 34 39 of
735 763 110 39 whom
872 774 18 28 a
914 762 85 39 little
1021 760 97 42 while
1140 759 108 43 before
1273 759 53 43 did

333 819 57 27 not
408 813 207 33 themselves
631 814 98 32 know
746 824 62 22 one
825 813 98 33 letter
945 812 84 34 from
1056 810 150 36 another.
1253 809 72 37 The

333 866 115 32 school
471 876 69 21 was
566 865 177 41 pervaded,
762 869 66 37 too,
852 865 42 41 by
908 876 18 30 a
938 864 156 42 religious
1117 865 210 41 earnestness

333 918 75 31 that
448 928 70 21 was
561 916 210 41 contagious.
833 915 74 42 The
946 914 195 43 conversion
1181 912 35 45 of
1255 923 72 34 new

335 969 155 31 students
530 979 69 21 was
639 967 203 40 confidently
881 966 117 41 looked
1037 966 58 42 for,
1136 964 64 43 and
1239 973 89 34 more

335 1021 168 39 earnestly
528 1020 123 40 sought
674 1019 82 42 than
781 1018 87 42 their
891 1028 153 33 progress
1068 1016 32 45 in
1125 1016 125 45 letters.

381 1074 69 30 But
476 1071 100 39 along
597 1071 81 40 with
704 1071 43 40 all
774 1069 68 42 this
867 1079 133 32 success
1029 1068 93 43 there
1152 1066 66 45 had
1247 1066 81 45 been

337 1135 19 20 a
389 1123 143 40 steadily
564 1122 191 42 increasing
789 1120 154 43 occasion
984 1119 34 44 of
1054 1119 143 45 anxiety.
1259 1116 71 47 The

336 1174 180 40 buildings,
543 1173 141 41 cheaply
708 1173 64 42 and
801 1171 123 43 hastily
951 1170 223 45 constructed,
1194 1179 36 36 as
1251 1168 80 46 they

337 1237 96 27 were,
453 1226 49 38 for
528 1229 192 36 temporary
747 1233 87 32 uses,
863 1232 86 33 were
975 1221 117 43 falling
1120 1220 70 45 into
1216 1219 114 45 decay.

339 1278 72 30 The
430 1276 73 38 site,
522 1275 111 39 which
651 1275 66 39 had
735 1274 83 40 been
836 1272 186 42 admirably
1039 1271 143 43 adapted
1204 1270 49 44 for
1276 1270 55 44 the

339 1329 118 31 earlier
480 1326 90 33 work
594 1326 34 33 of
650 1326 57 34 the
731 1323 210 36 Institution,
960 1333 69 27 was
1051 1322 102 38 found
1177 1320 155 39 unsuited

339 1384 34 27 to
391 1380 43 30 its
452 1381 198 38 permanent
667 1386 87 33 uses.
802 1375 89 44 Year
909 1375 42 44 by
966 1384 80 35 year
1062 1373 56 46 the
1137 1371 147 48 problem
1303 1371 34 48 of

339 1430 176 40 obtaining
538 1428 100 42 funds
666 1428 51 42 for
741 1437 20 33 a
789 1437 74 33 new
891 1425 62 45 site
981 1425 65 45 and
1071 1434 73 36 new
1167 1422 166 48 buildings

339 1493 90 29 grew
461 1491 90 30 more
585 1479 65 42 and
682 1488 90 33 more
804 1475 203 47 perplexing.
1065 1473 72 48 The
1168 1473 165 49 necessity

339 1533 49 31 for
426 1532 44 33 its
502 1530 146 34 solution
681 1533 33 32 at
746 1529 66 36 last
850 1527 136 37 became
1026 1524 204 41 imperative,
1271 1522 63 42 and

341 1584 57 30 the
432 1581 198 40 University
657 1585 177 36 treasurer,
868 1578 64 44 Mr.
968 1576 129 45 George
1133 1575 39 47 L.
1206 1573 126 48 White,

342 1634 187 33 undertook
546 1637 33 30 to
597 1632 92 35 work
705 1630 24 36 it
747 1634 69 33 out.

387 1686 65 29 Mr.
470 1684 119 32 White
603 1692 72 24 was
693 1692 18 24 a
727 1680 111 36 native
855 1679 35 37 of
904 1677 114 39 Cadiz,
1038 1678 83 38 New
1138 1675 99 41 York,
1255 1675 79 41 born

344 1737 33 30 in
406 1736 93 39 1838.
561 1734 28 41 A
621 1733 120 42 village
773 1728 233 46 blacksmith's
1038 1728 75 46 boy,
1145 1727 51 48 his
1222 1725 114 49 school

345 1788 177 42 privileges
548 1796 85 33 were
663 1783 128 46 limited
816 1785 35 44 to
876 1781 90 48 what
994 1779 40 50 he
1066 1777 133 52 learned
1224 1776 32 53 in
1281 1776 55 53 the

345 1839 111 42 public
482 1837 113 44 school
621 1836 108 45 before
756 1834 57 47 the
843 1842 60 39 age
931 1830 35 51 of
987 1830 164 51 fourteen.
1198 1827 83 54 Like
1302 1837 35 44 so

345 1902 102 30 many
479 1889 96 42 other
606 1886 136 45 Yankee
774 1885 81 46 boys
885 1881 99 50 while
1011 1879 137 52 waiting
1180 1878 48 54 for
1251 1876 86 55 their

345 1943 173 31 work—or
543 1938 99 36 while
666 1935 132 41 getting
824 1933 101 43 ready
949 1932 50 44 for
1023 1930 111 46 it—he
1161 1929 133 47 became
1320 1938 18 39 a

345 1992 116 33 school
490 1989 146 36 teacher.
687 1987 54 39 He
769 1984 66 42 had
864 1982 162 44 inherited
1050 1981 81 45 from
1157 1978 51 48 his
1233 1978 107 48 father
