1725 2400
575 317 65 26 AN
654 318 158 27 INSULT
828 318 249 27 ANSWERED.

1289 326 33 26 43

328 400 75 31 And
436 412 20 21 a
488 402 63 41 day
580 414 36 29 or
640 408 66 35 two
731 405 93 39 after,
843 406 57 38 the
925 405 136 40 Singers
1086 406 64 39 had
1175 417 19 29 a
1218 407 104 39 proud

330 462 156 31 revenge.

375 505 81 31 Mrs.
489 507 92 42 Julia
612 508 107 40 Ward
753 510 137 39 Howe's
923 509 135 41 stirring
1090 509 93 42 lyric,
1218 509 104 42 "The

333 556 237 42 Battle-hymn
602 559 34 39 of
663 560 57 39 the
755 561 196 40 Republic,"
983 572 69 29 was
1084 572 41 29 on
1163 561 57 39 the
1253 572 70 30 pro¬

330 618 163 29 gramme,
512 614 35 33 to
569 611 39 36 be
638 621 86 30 sung
749 616 33 35 to
809 612 57 39 the
894 612 48 39 air
966 613 34 38 of
1026 613 120 41 "John
1171 612 153 42 Brown."

331 660 74 30 The
423 661 72 30 first
512 672 112 20 verses
647 673 84 20 were
756 667 33 26 to
807 663 39 30 be
871 663 102 31 taken
994 664 42 40 by
1062 675 90 30 some
1173 664 153 40 coloured

333 711 129 40 singers
494 713 34 38 of
564 714 141 37 Boston.
775 715 80 37 But,
888 714 48 38 for
976 726 90 27 some
1106 715 220 39 unexplained

333 773 130 27 reason,
482 764 57 36 the
558 764 63 40 key
637 776 69 28 was
723 765 96 39 given
837 770 34 35 to
894 766 57 39 the
972 766 171 39 orchestra
1155 766 33 39 in
1208 767 29 38 E
1254 766 69 39 flat,

334 815 126 40 cruelly
493 815 81 40 high
606 817 105 38 under
744 817 81 38 such
858 817 272 38 circumstances,
1164 817 64 38 and
1269 817 56 38 the

334 866 72 30 first
438 877 113 20 verses
582 877 86 21 were
701 879 19 20 a
752 868 125 39 painful
909 868 127 39 failure.
1098 867 72 40 The
1200 868 127 42 Jubilee

336 917 136 40 Singers
498 929 85 28 were
609 923 35 34 to
671 930 93 27 come
793 919 33 38 in
848 919 80 38 with
950 921 57 36 the
1026 930 93 27 verse
1137 919 189 39 beginning,

371 998 72 27 "He
461 999 69 25 hath
551 999 126 26 sounded
694 999 72 27 forth
786 1001 46 25 the
851 1005 120 31 trumpet
989 1001 60 36 that
1063 1001 69 36 shall
1146 1009 82 27 never
1242 1002 52 35 call

441 1041 124 24 retreat."

381 1110 99 31 Fired
504 1110 42 39 by
570 1110 57 39 the
656 1110 247 39 remembrance
931 1110 35 39 of
986 1110 87 40 their
1095 1111 165 39 reception
1286 1122 41 29 on

336 1161 57 30 the
411 1161 153 40 previous
583 1161 73 40 day,
673 1161 64 40 and
755 1161 121 40 feeling
893 1161 74 40 that
984 1165 33 36 to
1036 1172 90 30 some
1144 1166 110 36 extent
1271 1162 56 39 the

337 1212 192 39 reputation
549 1212 34 40 of
603 1212 87 39 their
708 1213 113 39 colour
838 1223 67 29 was
924 1216 32 36 at
974 1212 105 39 stake,
1098 1212 78 39 they
1194 1223 82 29 sang
1293 1224 36 28 as

338 1264 25 30 if
387 1263 158 40 inspired.
596 1264 63 39 Mr.
685 1263 147 40 White's
861 1264 159 39 masterly
1045 1263 73 40 drill
1146 1263 66 40 had
1235 1264 94 39 made

338 1326 78 29 easy
433 1319 33 36 to
484 1315 92 39 them
593 1314 57 40 the
666 1314 81 40 high
765 1319 95 36 notes
877 1325 41 30 on
935 1314 108 40 which
1061 1314 56 40 the
1135 1314 111 40 others
1263 1314 64 40 had

337 1366 111 30 failed.
496 1367 111 39 Every
633 1366 87 40 word
750 1365 34 41 of
807 1365 74 41 that
903 1366 71 40 first
996 1365 66 41 line
1084 1376 82 30 rang
1187 1365 143 41 through

338 1418 58 30 the
413 1422 94 35 great
527 1417 171 40 Coliseum
724 1428 36 30 as
785 1416 26 41 if
832 1416 148 41 sounded
1005 1421 56 36 out
1083 1416 35 41 of
1139 1427 18 30 a
1173 1420 156 37 trumpet.

342 1469 74 30 The
440 1473 94 36 great
559 1468 162 40 audience
744 1478 84 30 were
854 1467 127 41 carried
1005 1478 93 30 away
1117 1478 42 30 on
1182 1477 19 31 a
1224 1467 106 42 whirl¬

339 1520 88 31 wind
466 1520 36 31 of
538 1519 143 39 delight;
722 1519 56 39 the
816 1518 130 40 trained
985 1518 180 41 musicians
1204 1517 33 42 in
1275 1517 56 42 the

340 1572 171 30 orchestra
543 1571 79 31 bent
655 1569 139 33 forward
834 1569 33 33 in
906 1568 236 39 forgetfulness
1179 1568 33 39 of
1246 1567 86 40 their

340 1626 108 36 parts;
468 1621 65 41 and
552 1632 63 30 one
632 1620 54 42 old
704 1621 145 41 German
867 1629 68 33 was
952 1618 229 44 conspicuous,
1196 1618 136 44 holding

341 1672 52 30 his
418 1671 189 31 violincello
638 1671 102 32 above
768 1670 51 33 his
845 1670 84 33 head
957 1669 79 33 with
1061 1680 61 23 one
1146 1669 99 37 hand,
1268 1669 63 37 and

341 1722 179 39 whacking
536 1726 58 35 out
612 1731 87 30 upon
717 1721 25 40 it
758 1721 51 40 his
828 1721 157 40 applause
1002 1720 79 41 with
1098 1720 55 41 the
1171 1720 72 41 bow
1255 1719 75 42 held

343 1775 33 30 in
394 1774 57 31 the
470 1773 107 32 other.

385 1825 113 32 When
516 1824 56 33 the
588 1823 105 41 grand
711 1823 53 41 old
789 1822 130 42 chorus,
939 1824 21 40 "
976 1823 114 41 Glory,
1108 1823 102 41 glory,
1230 1822 101 42 halle¬

343 1875 126 41 lujah,"
494 1875 162 42 followed,
682 1874 81 42 with
789 1885 18 31 a
833 1874 150 42 swelling
1006 1874 131 42 volume
1166 1872 34 44 of
1227 1871 104 45 music

342 1929 84 30 from
438 1926 57 33 the
509 1930 93 36 great
615 1926 181 40 orchestra,
806 1926 56 40 the
873 1926 144 40 thunder
1030 1925 33 41 of
1074 1925 56 41 the
1143 1924 114 42 bands,
1269 1923 63 43 and

343 1980 57 31 the
419 1989 74 23 roar
509 1977 35 34 of
560 1977 56 34 the
635 1977 156 40 artillery,
804 1977 57 40 the
879 1986 96 30 scene
993 1986 68 31 was
1079 1974 249 42 indescribable.
