1725 2400
719 402 85 25 THE
822 402 178 33 JUBILEE
1019 402 180 33 SINGERS.

507 487 52 29 All
582 487 68 30 this
672 487 80 30 time
777 486 78 39 they
878 498 84 28 were
987 487 112 39 living,
1117 498 36 28 as
1170 488 55 38 the
1249 488 52 38 old
1327 488 120 39 phrase

465 537 60 30 has
549 537 35 36 it,
602 539 82 34 from
708 537 88 36 hand
819 541 33 32 to
878 537 348 38 mouth—depending
1242 548 40 27 on
1301 537 57 38 the
1375 548 73 28 pro¬

468 588 95 30 ceeds
579 588 33 30 of
633 597 60 21 one
710 591 132 27 concert
858 591 33 27 to
909 598 63 29 pay
988 588 57 39 the
1062 591 78 36 next
1158 587 182 40 morning's
1356 588 91 39 hotel

468 638 135 39 charges
630 639 63 38 and
720 638 65 39 buy
810 637 86 40 their
928 638 273 39 railway-tickets
1226 642 34 35 to
1287 638 57 39 the
1372 643 77 34 next

469 686 237 39 appointment.
753 687 73 39 Any
843 687 122 39 special
990 687 144 39 collapse
1158 687 32 39 in
1216 697 41 29 an
1282 687 171 39 evening's

470 735 138 40 receipts
632 735 57 40 left
713 735 90 40 them
828 735 144 40 helpless
996 735 51 39 till
1071 746 90 29 some
1187 735 105 40 friend
1313 736 138 39 stepped

470 784 219 30 forward—as
706 784 93 30 there
816 795 67 20 was
901 785 119 30 almost
1038 785 123 38 always
1184 795 90 28 some
1296 784 105 39 friend
1419 784 33 39 in

472 832 81 30 such
570 843 40 20 an
630 843 194 30 emergency
836 833 73 39 who
927 833 163 39 did—and
1108 832 76 40 paid
1197 832 69 40 hall
1280 833 64 39 and
1361 832 93 40 hotel

472 883 86 30 bills.

516 934 66 30 But
599 933 57 31 the
672 938 93 36 great
787 933 75 40 trial
885 945 68 29 was
975 934 74 39 that
1070 944 42 30 no
1132 933 84 41 light
1233 933 66 41 had
1315 933 140 40 dawned

474 996 41 19 on
531 984 86 30 their
633 984 147 30 mission.
825 984 95 40 They
945 984 108 40 would
1077 984 84 40 have
1185 984 83 40 done
1292 984 108 40 better
1422 988 34 36 to

476 1039 72 36 stay
565 1040 33 35 at
615 1035 96 39 home
730 1035 24 39 if
768 1035 78 39 they
861 1046 84 29 were
962 1039 33 36 to
1014 1035 94 40 make
1126 1034 142 41 nothing
1286 1035 102 39 above
1406 1044 51 30 ex¬

476 1096 129 28 penses.
653 1086 43 39 So
715 1086 141 39 scantily
873 1086 72 39 clad
962 1095 84 29 were
1062 1086 79 39 they
1158 1085 73 39 that
1251 1085 84 39 Miss
1354 1086 102 39 Shep-

477 1136 80 39 pard
582 1146 69 29 was
679 1135 129 39 obliged
831 1139 33 36 to
888 1136 104 39 travel
1017 1146 60 29 one
1102 1135 93 40 rainy
1221 1136 63 39 day
1306 1135 82 40 with
1418 1146 42 30 no

478 1186 182 39 protection
676 1185 49 40 for
741 1186 57 39 her
814 1186 63 39 feet
894 1186 58 39 but
970 1187 90 39 cloth
1078 1186 150 39 slippers.
1271 1188 30 38 It
1317 1197 69 29 was
1404 1190 58 36 not

480 1236 82 30 until
594 1247 90 20 some
714 1236 80 31 time
826 1236 81 30 after
934 1236 56 30 the
1023 1237 105 39 biting
1160 1237 148 39 weather
1335 1237 33 39 of
1404 1237 60 39 the

480 1287 165 30 Northern
663 1287 127 37 winter,
809 1290 33 33 to
859 1287 111 37 whose
995 1287 142 39 severity
1161 1287 78 39 they
1262 1298 85 29 were
1373 1287 92 39 quite

481 1338 138 36 unused,
637 1338 64 36 had
718 1337 81 39 fully
816 1341 49 35 set
882 1337 32 39 in
931 1338 73 39 that
1023 1338 62 38 Mr.
1104 1338 116 38 White
1236 1349 69 27 was
1323 1338 84 38 able,
1422 1338 43 39 by

484 1388 183 39 borrowing
690 1386 42 42 $5
758 1388 73 39 that
852 1388 66 39 had
940 1389 81 39 been
1042 1389 96 39 given
1163 1393 33 35 to
1223 1389 128 39 Minnie
1368 1388 97 40 Tate,

484 1439 63 30 and
570 1439 133 39 picking
719 1449 43 29 up
787 1437 62 42 $19
867 1439 32 39 in
917 1439 94 39 other
1026 1450 101 28 ways,
1146 1443 33 35 to
1197 1440 163 39 purchase
1377 1450 90 28 over¬

486 1494 91 27 coats
592 1490 49 30 for
657 1493 64 27 two
739 1488 33 32 of
790 1490 55 30 the
861 1500 110 30 young
988 1500 87 30 men,
1092 1490 75 40 who
1184 1490 66 40 had
1266 1491 103 39 really
1386 1490 82 40 been

486 1541 155 39 suffering
657 1541 48 39 for
720 1544 89 36 want
827 1540 33 40 of
873 1541 103 39 them.

530 1592 39 30 In
594 1602 60 19 one
677 1602 72 29 way
774 1592 65 39 and
862 1592 138 39 another
1020 1602 18 29 a
1061 1591 213 39 comfortable
1293 1591 96 39 outfit
1407 1591 66 39 had

488 1643 81 30 been
589 1643 135 30 secured
747 1642 49 31 for
818 1643 57 30 the
898 1653 111 30 young
1030 1653 144 30 women;
1199 1642 60 40 but
1283 1642 83 40 such
1388 1652 85 30 were

489 1694 56 30 the
564 1694 153 30 varieties
735 1693 34 30 of
790 1694 84 39 style
891 1693 212 40 represented
1119 1693 74 40 that
1210 1692 25 41 it
1252 1703 69 30 was
1341 1696 57 37 not
1416 1704 59 30 un¬

491 1754 153 20 common
671 1743 49 30 for
748 1743 76 30 Ella
851 1744 174 39 Sheppard
1047 1748 34 36 to
1106 1743 39 40 be
1170 1743 100 41 asked
1296 1743 25 41 if
1348 1743 129 41 Minnie

492 1794 83 30 Tate
600 1805 67 20 was
696 1794 58 30 her
779 1794 264 39 daughter—the
1071 1794 121 39 former
1224 1794 99 40 being
1353 1797 126 36 twenty

494 1845 63 30 and
579 1845 57 30 the
661 1846 99 29 latter
783 1845 160 31 fourteen.
990 1845 74 31 And
1086 1845 117 41 Jennie
1230 1845 159 41 Jackson,
1404 1845 76 42 who

492 1906 68 21 was
577 1896 164 36 nineteen,
755 1906 69 26 was
840 1895 192 37 sometimes
1048 1896 99 36 taken
1166 1899 33 33 to
1217 1896 39 36 be
1272 1896 57 36 the
1350 1896 132 36 mother

493 1947 34 30 of
542 1947 96 30 Eliza
654 1947 147 37 Walker,
819 1947 74 37 who
909 1957 68 27 was
994 1947 160 37 fourteen.

537 1997 72 30 The
627 1998 159 36 coolness,
807 1997 195 39 amounting
1020 1998 88 38 often
1131 2002 34 33 to
1188 1998 210 38 indifference
1418 1998 66 37 and

498 2047 189 30 sometimes
711 2051 34 27 to
771 2047 178 39 suspicion,
967 2047 81 39 with
1076 2049 109 37 which
1215 2058 81 27 even
1325 2058 102 30 many
1452 2049 35 39 of
