1725 2400
485 336 33 32 93

741 336 83 25 THE
843 334 180 34 JUBILEE
1041 331 183 37 SINGERS.

484 429 63 30 pay
561 418 70 40 him
656 417 63 41 $15
744 429 18 30 a
786 417 116 42 month
924 416 49 42 for
995 415 58 43 her
1068 414 90 44 time,
1178 414 65 45 and
1265 414 33 45 in
1320 412 147 46 addition

484 473 33 26 to
554 468 126 30 furnish
717 468 68 31 him
819 467 52 32 his
909 466 116 33 dinner
1059 465 81 34 each
1173 465 74 39 day,
1297 463 173 41 providing

484 519 165 30 whatever
680 519 40 30 he
752 517 118 32 should
903 516 103 33 order.
1055 516 52 33 He
1125 525 68 24 was
1220 514 78 35 fond
1327 513 33 36 of
1384 513 85 39 good

486 569 111 39 living,
626 568 64 39 and
716 567 93 40 these
839 567 132 40 dinners
999 566 192 42 sometimes
1223 566 88 42 drew
1344 564 126 43 largely

486 629 41 20 on
544 619 58 30 her
621 618 144 39 savings.
813 618 66 39 She
904 617 78 39 took
1008 617 33 39 in
1062 616 162 40 washing,
1245 615 65 41 and
1339 615 131 41 worked

486 669 88 39 early
600 669 63 39 and
688 669 78 39 late,
785 668 82 40 from
888 669 144 39 Monday
1050 667 153 41 morning
1227 667 51 41 till
1303 667 166 41 Saturday

486 720 105 39 night.
640 720 66 39 But
724 719 80 40 with
823 718 41 41 $5
888 729 18 30 a
931 719 117 40 month
1072 723 34 36 to
1130 719 39 40 be
1194 718 76 41 paid
1294 718 48 41 for
1366 718 103 41 house

486 775 83 33 rent,
602 771 63 37 and
702 770 87 38 their
826 780 72 27 own
932 770 75 38 food
1042 771 64 37 and
1140 770 149 39 clothing
1323 774 34 36 to
1392 769 75 40 buy,

486 822 86 30 their
595 822 84 30 little
705 822 102 31 hoard
831 822 48 30 for
903 822 56 30 the
978 822 162 40 purchase
1164 822 33 40 of
1221 822 86 40 their
1324 822 145 40 freedom

486 884 87 30 grew
589 874 58 39 but
665 873 124 40 slowly.

531 925 155 30 Children
714 936 104 27 came,
846 924 65 38 and
928 935 36 27 as
988 924 78 41 they
1090 935 87 30 grew
1203 924 54 41 old
1280 924 132 42 enough
1436 927 33 38 to

488 987 60 19 run
566 976 110 36 about,
694 975 56 37 the
768 975 129 37 mother
913 975 78 37 took
1008 979 93 35 great
1119 986 73 28 care
1216 979 34 35 to
1275 975 81 39 keep
1379 975 91 39 them

489 1031 56 26 out
569 1026 34 30 of
623 1026 59 30 her
705 1027 151 30 master's
880 1026 99 39 sight,
999 1026 62 39 lest
1086 1026 39 39 he
1151 1026 118 39 should
1293 1036 90 29 some
1409 1026 63 39 day

488 1077 75 30 take
581 1087 18 20 a
615 1076 98 40 fancy
729 1080 33 36 to
780 1077 59 39 sell
855 1077 92 39 them
965 1077 82 39 from
1065 1077 68 39 her.

531 1128 92 30 After
639 1128 125 30 several
787 1138 96 29 years
907 1128 34 39 of
962 1128 67 39 this
1050 1128 168 39 overwork
1242 1128 65 39 and
1328 1128 141 41 anxiety,

489 1179 58 30 her
573 1179 114 30 health
715 1188 81 30 gave
820 1189 82 29 way,
927 1179 64 39 and
1016 1179 58 39 her
1097 1179 122 39 friends
1242 1180 142 39 thought
1413 1180 57 39 she

489 1227 108 30 would
630 1227 63 31 die.
756 1227 66 31 She
854 1227 63 31 had
945 1228 66 30 laid
1043 1239 42 28 up
1122 1227 96 41 $900,
1252 1230 63 39 and
1348 1229 24 39 it
1404 1239 68 29 was

490 1278 203 31 determined
724 1282 33 27 to
789 1278 76 31 take
890 1279 67 30 this
990 1281 63 30 and
1077 1280 64 39 buy
1173 1280 56 39 the
1265 1280 157 39 children,
1449 1280 26 39 if

489 1331 155 40 possible.
708 1330 71 41 Her
820 1335 123 36 master
983 1331 65 40 had
1088 1332 190 39 repeatedly
1320 1332 150 39 declared

489 1383 72 30 that
604 1392 84 21 none
727 1381 35 31 of
786 1381 51 31 his
868 1382 108 30 slaves
1018 1383 124 30 should
1185 1383 165 39 purchase
1383 1383 87 39 their

489 1433 153 37 freedom,
669 1432 64 38 and
759 1443 35 27 so
819 1443 18 27 a
860 1437 108 36 trusty
991 1433 105 40 friend
1119 1444 69 29 was
1216 1434 256 39 commissioned

491 1488 33 27 to
550 1484 95 31 make
671 1483 56 32 the
755 1484 147 39 bargain,
931 1494 36 29 as
991 1484 26 39 if
1046 1485 123 39 buying
1192 1485 91 39 them
1311 1485 48 39 for
1390 1485 82 39 him¬

491 1536 69 30 self.
607 1535 91 31 After
723 1536 99 30 much
846 1535 96 40 delay
964 1535 87 40 their
1074 1540 124 35 master
1218 1536 114 40 finally
1356 1537 118 39 agreed

492 1591 33 26 to
555 1586 60 31 sell
644 1586 56 31 the
731 1586 93 31 three
850 1586 147 31 children
1027 1587 48 30 for
1101 1587 86 40 $900
1212 1587 64 39 and
1300 1588 107 39 throw
1440 1587 33 39 in

492 1638 84 30 their
603 1638 141 36 mother,
771 1649 36 26 as
830 1638 58 36 she
915 1650 68 25 was
1008 1642 57 33 not
1089 1640 158 39 expected
1272 1644 33 35 to
1333 1639 73 39 live.

533 1689 92 30 After
641 1689 56 30 the
717 1700 118 29 papers
858 1699 84 30 were
970 1690 115 39 signed
1107 1690 64 39 and
1187 1691 57 39 the
1263 1701 119 29 money
1398 1691 76 39 paid

492 1740 40 29 he
558 1740 156 37 repented
738 1740 34 38 of
795 1740 52 37 his
870 1741 147 39 bargain,
1038 1741 65 39 and
1126 1742 108 38 would
1258 1743 111 39 gladly
1391 1743 84 39 have

492 1790 122 30 broken
631 1791 24 30 it
673 1790 25 30 if
721 1790 41 30 he
784 1791 107 30 could.
938 1791 72 30 The
1029 1792 130 30 mother
1175 1803 42 20 no
1236 1803 118 19 sooner
1369 1794 105 39 began

492 1842 34 26 to
550 1839 134 30 breathe
708 1838 66 30 free
799 1839 48 30 air
870 1839 68 30 into
963 1839 65 30 free
1052 1840 108 39 lungs,
1183 1841 81 38 than
1290 1842 57 37 she
1371 1842 105 39 began

492 1894 34 25 to
557 1893 54 35 get
643 1889 115 39 better,
786 1889 63 39 and
879 1889 27 39 is
934 1890 67 39 still
1031 1890 112 39 living.
1191 1892 201 37 Afterwards
1419 1894 57 35 she

492 1939 125 39 bought
641 1939 57 39 her
721 1949 72 30 own
813 1939 138 39 mother,
979 1940 78 39 then
1083 1941 114 40 ninety
1218 1953 96 29 years
1339 1944 64 37 old,
1429 1944 48 37 for

495 1989 95 39 $100,
618 1989 62 39 and
709 1988 167 40 furnished
905 1988 57 40 her
990 1989 150 39 husband
1167 1992 139 36 another
1332 1992 85 39 $100
1443 1998 33 33 to
