1725 2400
507 340 30 25 82

774 339 84 24 THE
877 336 180 33 JUBILEE
1074 333 187 36 SINGERS.

505 423 145 30 weather
670 432 68 21 was
762 420 178 38 unusually
964 418 72 39 cold
1058 417 63 41 and
1143 414 259 44 unfavourable;
1431 409 66 48 and

507 473 80 31 rival
601 471 200 40 companies,
821 480 91 32 some
927 468 33 43 of
973 468 110 43 whom
1095 464 234 48 appropriated
1347 467 57 45 not
1419 461 78 51 only

506 524 55 30 the
579 534 108 25 name,
701 522 58 36 but
777 531 81 28 even
875 519 56 39 the
947 516 224 42 testimonials
1189 513 179 45 belonging
1386 517 33 42 to
1437 512 57 47 the

504 573 129 41 Jubilee
656 572 145 42 Singers,
819 569 65 45 had
906 568 99 46 taken
1028 567 57 47 the
1108 567 89 48 field,
1224 565 75 49 and,
1319 569 35 45 to
1377 574 19 40 a
1419 573 76 41 con¬

507 623 160 30 siderable
698 625 123 33 extent,
849 620 66 38 had
945 618 167 40 trampled
1143 618 96 40 down
1269 615 58 42 the
1359 615 138 43 harvest

506 671 108 31 where
630 671 78 39 they
726 669 65 41 had
808 673 57 37 not
882 668 56 42 the
957 669 115 42 ability
1089 672 34 39 to
1140 666 119 44 gather
1275 665 37 45 it.

549 722 51 31 On
620 722 78 39 May
723 720 78 41 15th
823 720 57 41 the
903 729 174 32 company,
1097 717 186 45 consisting
1304 716 35 45 of
1358 716 57 45 the
1435 720 55 41 ten

507 773 163 31 members
686 772 111 32 whose
813 781 117 23 names
948 771 63 33 and
1030 768 228 41 photographs
1275 778 54 31 are
1347 767 145 42 inserted

507 825 189 36 elsewhere,
714 823 103 38 sailed
834 823 51 38 for
899 822 156 40 England
1072 820 33 42 in
1122 820 57 42 the
1203 819 133 42 Cunard
1354 823 142 39 steamer

505 876 144 40 Algeria.
698 876 30 40 It
745 885 68 30 was
836 885 20 30 a
880 873 72 42 sign
978 873 34 42 of
1034 882 153 33 progress
1209 872 74 44 that
1302 881 89 35 more
1413 870 81 46 than

507 937 61 20 one
600 926 183 39 steamship
808 926 75 39 line,
910 924 109 41 which
1038 924 64 41 had
1127 922 130 43 refused
1282 922 91 43 them
1399 921 94 44 cabin

507 977 286 32 accommodation
825 981 64 28 two
920 987 97 29 years
1049 975 120 41 before,
1203 974 120 42 offered
1355 973 139 42 reduced

507 1032 87 27 rates
618 1029 25 30 if
663 1028 79 39 they
765 1028 109 39 would
900 1031 115 36 accept
1040 1026 91 41 them
1158 1036 84 31 now.
1291 1025 63 42 Mr.
1380 1024 114 43 White

507 1078 237 41 accompanied
775 1078 104 41 them,
908 1081 34 38 to
974 1077 84 42 give,
1086 1087 36 32 so
1149 1077 50 42 far
1230 1087 37 32 as
1299 1076 51 43 his
1382 1075 112 44 health

506 1131 109 30 would
635 1129 129 41 permit,
788 1128 57 42 the
866 1129 135 41 counsel
1023 1128 64 42 and
1108 1128 186 42 assistance
1313 1128 109 42 which
1443 1127 51 43 his

507 1181 152 40 previous
690 1179 192 42 experience
914 1180 96 41 made
1043 1190 36 31 so
1110 1179 165 42 valuable,
1305 1179 66 42 and
1404 1179 90 42 Pres.

510 1232 144 32 Cravath
680 1232 150 32 followed
855 1232 33 32 in
912 1230 56 33 the
995 1235 139 29 autumn
1158 1235 35 29 to
1217 1230 76 33 take
1320 1230 120 40 charge
1464 1230 35 40 of

507 1284 57 30 the
587 1283 132 41 general
744 1283 155 41 interests
924 1281 33 42 of
978 1281 57 42 the
1057 1281 192 42 enterprise,
1269 1281 64 42 and
1354 1286 34 38 to
1411 1281 81 42 rein¬

508 1334 87 31 force
612 1334 56 31 the
685 1333 148 40 working
849 1333 87 40 force
954 1332 96 41 when
1067 1332 57 42 the
1141 1332 108 41 heavy
1266 1332 104 42 drafts
1388 1333 35 40 of
1438 1332 55 41 the

507 1385 84 40 busy
609 1394 116 31 season
741 1384 118 41 began.

546 1434 73 31 The
647 1439 267 27 announcement
942 1435 74 31 that
1044 1435 81 40 they
1153 1435 109 40 would
1295 1435 39 40 be
1360 1437 132 39 present

504 1486 64 30 and
594 1486 73 41 sing
690 1497 19 30 a
732 1486 62 41 few
819 1486 34 41 of
881 1486 86 41 their
994 1487 208 40 slave-songs
1227 1490 33 37 at
1289 1485 57 42 the
1370 1485 121 42 annual

504 1537 147 41 meeting
672 1537 35 41 of
726 1537 57 41 the
804 1538 213 40 Freedmen's
1040 1537 159 41 Missions
1215 1536 63 42 Aid
1296 1537 145 41 Society,
1458 1536 33 42 in

504 1589 56 30 the
592 1589 76 41 City
699 1588 150 42 Temple,
879 1590 150 40 London,
1059 1589 145 41 Monday
1235 1588 150 42 evening,
1414 1589 78 41 May

504 1644 83 34 31st,
605 1651 69 27 was
690 1644 34 34 to
748 1651 99 30 many
866 1641 33 41 of
923 1640 87 42 their
1032 1640 123 42 friends
1178 1641 57 41 the
1257 1640 71 42 first
1348 1650 90 31 news
1462 1639 33 42 of

503 1691 85 31 their
618 1697 111 26 return
762 1692 84 30 from
876 1692 153 30 America
1043 1704 7 25 ;
1077 1692 58 37 but
1161 1692 24 37 it
1210 1701 69 27 was
1304 1701 90 27 news
1418 1690 73 39 that

501 1743 160 30 travelled
683 1743 144 39 quickly,
846 1743 65 39 and
932 1743 25 39 it
979 1743 88 39 drew
1089 1753 42 29 an
1154 1743 159 39 audience
1335 1742 75 40 that
1434 1746 57 36 not

503 1793 76 39 only
600 1793 126 39 packed
749 1803 96 30 every
867 1793 78 40 inch
970 1794 34 39 of
1028 1804 99 29 space
1152 1794 33 39 in
1213 1794 72 39 that
1314 1793 177 41 capacious

503 1842 134 37 church,
656 1843 57 36 but
740 1843 88 36 filled
852 1842 55 37 the
935 1843 90 40 large
1047 1845 124 39 lecture
1194 1845 68 39 hall
1283 1845 105 39 below
1410 1844 80 39 with

502 1904 42 21 an
562 1894 152 31 overflow
731 1894 156 39 meeting.

543 1945 44 30 So
615 1949 92 36 great
732 1956 69 30 was
825 1945 57 40 the
906 1945 177 40 gathering
1111 1946 101 39 about
1245 1947 57 39 the
1336 1947 153 40 building

501 1994 73 31 that
591 1998 34 27 to
641 1998 55 36 get
714 2004 81 30 even
811 1998 33 36 to
862 1992 56 42 the
936 1994 96 40 doors
1050 2004 69 30 was
1143 2005 18 29 a
1185 1995 195 39 formidable
1401 1997 87 37 task,
