1725 2400
459 352 87 26 THE
563 351 310 27 EMANCIPATED
891 350 134 28 SLAVE
1047 348 218 30 CHILDREN.
1324 350 33 33 89

369 440 35 31 of
418 439 56 32 the
491 438 146 41 wealthy
654 439 64 40 and
735 438 186 41 receptions
945 438 32 42 in
1000 437 57 42 the
1081 436 272 43 drawing-rooms

369 492 35 30 of
424 491 57 32 the
498 491 151 40 nobility.
696 492 68 39 But
780 489 87 42 their
883 489 103 42 heads
1002 498 85 33 were
1104 492 57 39 not
1176 488 119 43 turned
1311 488 43 43 by

369 543 36 31 it.
453 543 96 41 They
573 553 76 30 may
674 542 61 42 feel
763 552 90 32 more
881 545 33 39 at
942 540 97 43 home
1065 550 41 33 on
1134 539 57 45 the
1221 543 132 41 concert

371 594 156 40 platform
552 594 82 41 than
663 593 79 42 they
768 592 54 42 did
849 595 33 39 at
909 591 83 43 first,
1008 591 58 43 but
1090 589 87 45 their
1200 600 154 35 manners

370 646 94 30 there
486 646 84 30 have
595 644 167 33 remained
787 654 36 23 as
847 642 131 34 natural
1002 642 63 35 and
1090 641 265 36 unaffected—as

372 698 66 30 free
461 697 82 30 from
566 695 216 40 professional
807 695 19 40 "
840 693 97 42 airs,"
963 704 36 31 as
1023 693 27 42 if
1068 693 78 42 they
1170 692 63 43 had
1258 702 98 33 never

372 758 87 29 sung
476 748 129 39 outside
621 747 87 40 their
724 756 73 30 own
816 745 217 42 schoolroom.

416 798 50 31 To
484 809 91 21 some
597 798 34 31 of
651 798 92 31 them
768 797 25 33 it
818 797 60 33 has
901 797 82 33 been
1006 807 19 23 a
1047 795 87 40 daily
1156 798 105 38 regret
1284 793 73 42 that

374 851 80 39 they
479 849 66 41 had
571 854 35 36 to
634 849 175 42 surrender
834 847 87 43 their
948 846 113 44 school
1092 846 202 44 advantages
1322 855 36 35 as

375 903 80 39 they
480 901 64 41 did.
593 902 66 40 But
678 900 79 42 they
774 900 83 42 have
876 899 96 43 made
990 898 71 44 that
1077 897 84 45 good
1179 907 36 35 as
1230 897 74 45 well
1322 906 36 36 as

375 954 81 39 they
474 953 97 40 could
587 952 43 41 by
646 952 141 41 keeping
801 963 43 30 up
863 950 123 43 special
1003 949 125 44 studies
1145 948 64 45 and
1226 957 132 36 courses

375 1005 34 30 of
438 1004 147 39 reading,
613 1014 36 29 so
680 1003 49 40 far
760 1013 36 30 as
827 1002 56 41 the
914 1001 254 42 disadvantages
1206 999 34 44 of
1274 997 86 46 their

378 1056 123 33 nomad
531 1055 54 33 life
611 1065 78 30 year
717 1053 83 41 after
825 1063 77 31 year
928 1052 108 42 would
1064 1052 105 42 allow.

422 1107 110 38 Every
560 1105 147 40 member
735 1104 33 41 of
795 1104 56 42 the
878 1113 162 32 company
1070 1101 27 44 is
1129 1113 18 33 a
1178 1100 183 45 professing

380 1157 180 37 Christian,
580 1167 61 27 one
660 1166 35 28 or
711 1159 64 35 two
793 1154 123 40 having
933 1154 81 40 been
1031 1152 174 42 converted
1228 1152 33 42 in
1285 1161 75 33 con¬

379 1208 133 31 nection
540 1206 81 33 with
645 1206 56 33 the
727 1205 154 39 religious
914 1204 178 39 influences
1116 1203 72 41 that
1213 1202 82 42 have
1319 1201 42 42 by

380 1260 102 31 God's
514 1258 146 39 blessing
687 1267 75 30 ever
792 1255 156 42 attended
974 1254 56 43 the
1055 1253 99 45 work.
1200 1251 71 46 The
1303 1261 57 36 un-

379 1310 168 32 sectarian
573 1310 126 32 feature
732 1307 33 35 of
792 1307 57 35 the
874 1305 90 36 work
995 1308 33 33 at
1057 1304 81 38 Fisk
1169 1302 96 39 could
1292 1305 69 36 not,

380 1362 153 41 perhaps,
552 1361 39 42 be
613 1359 107 43 better
747 1356 187 46 illustrated
956 1355 81 48 than
1062 1355 42 48 by
1119 1354 56 48 the
1199 1353 66 49 fact
1288 1353 73 49 that

378 1414 57 29 the
451 1413 128 38 singers
596 1413 168 37 represent
776 1408 33 42 in
820 1407 87 43 their
922 1403 362 48 church-membership
1300 1404 62 47 five

380 1464 148 31 different
541 1458 367 36 denominations—the
921 1456 192 39 Methodist,
1125 1455 143 40 Baptist,
1278 1455 84 40 Con-

379 1512 264 43 gregationalist,
654 1510 242 45 Presbyterian,
906 1509 64 46 and
983 1509 20 47 "
1013 1506 200 50 Christian."
1238 1504 125 51 When¬

381 1576 75 21 ever
472 1566 57 32 the
547 1562 186 41 exigencies
749 1562 34 41 of
805 1560 88 43 hotel
913 1560 54 43 life
992 1569 36 34 or
1047 1557 134 45 railway
1197 1555 103 48 travel
1323 1555 39 48 do

381 1620 57 27 not
456 1619 147 36 prevent,
622 1613 117 42 family
753 1611 143 45 worship
921 1610 28 45 is
967 1608 75 47 held
1065 1608 82 48 each
1170 1605 194 51 morning—

381 1680 19 19 a
417 1665 134 40 novelty
569 1670 33 36 to
628 1663 90 42 hotel
739 1665 149 40 servants
912 1659 141 46 usually,
1071 1658 63 48 and
1158 1668 18 38 a
1196 1666 117 39 season
1334 1656 33 50 of

386 1717 151 41 spiritual
566 1715 217 43 refreshment
811 1712 108 46 which
949 1710 121 48 friends
1095 1710 73 48 who
1194 1719 53 39 are
1272 1718 93 40 occa¬

385 1769 142 39 sionally
567 1769 133 39 present
739 1765 121 43 always
893 1763 82 45 refer
1008 1765 34 43 to
1080 1758 173 50 afterward
1284 1758 81 51 with

385 1820 147 42 peculiar
549 1818 147 43 interest.
745 1817 95 45 None
864 1815 33 47 of
917 1814 55 48 the
991 1813 135 48 Singers
1143 1821 57 41 use
1217 1809 147 52 tobacco,

385 1872 66 31 and
491 1870 86 33 their
604 1867 143 40 English
775 1866 123 42 friends
925 1863 189 44 especially,
1145 1861 113 46 whose
1288 1860 78 48 kind

387 1921 223 42 hospitalities
648 1920 83 43 have
762 1918 82 45 been
876 1926 36 36 so
940 1914 180 48 abundant,
1149 1923 54 40 are
1235 1910 132 53 usually

387 1974 102 32 much
507 1971 168 42 surprised
690 1974 34 39 to
741 1969 67 43 find
825 1968 92 45 them
933 1965 45 47 all
994 1963 215 49 teetotallers.

430 2026 42 30 At
491 2024 149 33 different
656 2022 99 35 times
776 2017 213 42 twenty-four
1007 2025 135 34 persons
1167 2013 32 45 in
1221 2012 42 47 all
1284 2012 83 47 have
