1729 2403
483 318 207 30 FIGHTING
713 322 85 27 THE
818 323 132 27 CASTE
967 324 143 27 SPIRIT.

1257 335 33 25 47

296 406 117 39 people
432 407 36 39 of
489 408 198 37 Baltimore.
742 411 73 35 The
832 412 216 33 ticket-seller
1063 424 69 21 was
1148 414 142 33 relieved

297 457 84 31 from
414 459 129 30 further
575 461 93 41 duty,
702 464 65 38 and
810 465 109 37 notice
957 476 69 26 was
1065 466 226 41 immediately

296 509 99 40 given
434 511 75 38 that
549 522 66 30 any
651 515 241 37 well-behaved
932 527 117 29 person
1081 518 96 38 could
1207 518 84 38 have

298 571 66 30 any
386 567 71 34 seat
483 562 33 39 in
537 564 57 37 the
618 564 68 37 hall
709 566 42 40 by
773 567 123 40 paying
916 567 56 39 the
994 568 186 39 advertised
1202 570 87 39 price

296 612 49 30 for
377 613 36 31 it.
460 615 29 30 A
519 614 63 31 few
613 616 155 32 coloured
800 618 116 39 people
948 619 158 39 occupied
1139 621 151 37 reserved

297 669 90 27 seats
418 665 78 30 here
522 666 65 30 and
609 666 93 31 there
729 678 42 20 on
795 669 57 30 the
875 669 89 30 main
984 669 90 39 floor,
1093 672 58 37 but
1173 672 24 37 it
1222 683 69 26 was

297 726 101 21 never
419 716 102 31 heard
546 717 74 31 that
646 728 65 30 any
734 729 60 29 one
819 720 147 38 received
990 720 93 38 harm
1103 722 82 36 from
1209 723 81 35 such

298 778 19 20 a
349 768 126 30 radical
508 768 195 32 innovation
735 770 33 30 in
807 771 183 30 Baltimore
1014 776 158 27 customs.
1218 773 72 31 The

298 819 162 31 audience
504 830 86 20 were
630 821 198 41 apparently
870 832 36 30 so
945 822 180 40 interested
1164 824 32 38 in
1234 825 56 37 the

300 872 134 40 singing
465 871 76 41 that
573 872 81 40 they
686 873 106 40 forgot
824 877 34 36 to
896 873 99 40 study
1029 874 57 39 the
1119 876 111 38 colour
1261 876 33 37 of

300 924 88 30 their
405 923 212 40 neighbours'
636 923 100 40 faces.

344 975 72 30 The
450 975 136 40 Singers
618 985 85 30 were
744 975 90 40 quite
873 977 212 39 accustomed
1122 981 33 34 to
1194 978 97 40 being

300 1026 130 31 refused
463 1025 262 32 entertainment
759 1030 33 27 at
825 1026 108 30 hotels
965 1027 140 32 because
1137 1029 34 30 of
1206 1029 85 30 their

301 1077 125 30 colour.
486 1076 85 32 This
600 1087 69 21 was
702 1081 57 27 not
792 1077 135 40 always,
955 1078 161 39 however,
1146 1080 48 38 for
1224 1080 67 38 fear

302 1128 125 39 merely
451 1128 34 40 of
507 1128 168 40 offending
698 1128 95 40 other
816 1132 125 36 guests.
990 1129 39 39 In
1053 1140 61 28 one
1143 1141 85 27 case,
1258 1131 32 37 in

302 1179 141 38 Illinois,
483 1179 57 38 the
580 1179 90 38 hotel
693 1203 3 13 .
710 1184 151 33 servants
900 1180 153 39 squarely
1091 1181 129 39 refused
1257 1186 33 33 to

300 1231 78 30 wait
412 1242 42 20 on
494 1230 57 31 the
584 1230 19 31 "
618 1232 158 38 nagurs,"
809 1241 37 29 as
885 1230 63 41 they
987 1233 209 38 pronounced
1235 1233 56 38 the

300 1281 102 38 word,
429 1281 64 38 and
518 1281 57 39 the
602 1281 136 40 Singers
762 1292 84 29 were
871 1281 86 40 their
981 1292 72 29 own
1086 1283 206 38 boot-blacks

302 1334 64 30 and
384 1332 294 31 chamber-maids.
737 1333 42 30 At
803 1332 139 31 another
964 1332 89 31 hotel
1071 1333 55 30 the
1143 1334 149 30 landlord

301 1389 67 27 met
387 1395 19 20 a
424 1384 127 31 similar
568 1383 121 32 refusal
714 1384 41 39 by
779 1383 123 40 paying
924 1383 55 41 the
1003 1383 179 40 mutineers
1206 1384 86 39 their

302 1446 111 29 wages
432 1435 65 40 and
516 1434 141 41 sending
672 1435 93 40 them
782 1445 36 30 en
834 1445 95 30 masse
946 1434 69 41 into
1032 1435 56 40 the
1105 1440 111 36 street.

346 1488 68 29 But
446 1486 58 31 the
536 1490 87 27 most
657 1485 158 32 offensive
854 1485 250 33 manifestation
1136 1486 34 31 of
1201 1490 90 27 caste

300 1538 169 41 prejudice
486 1537 75 42 that
579 1547 77 32 ever
672 1536 147 42 flaunted
842 1536 92 42 itself
954 1536 31 42 in
1011 1536 56 43 the
1089 1537 70 42 face
1183 1537 34 42 of
1236 1537 55 42 the

301 1593 99 36 party
423 1587 159 42 occurred
608 1587 120 42 during
748 1587 68 42 this
837 1587 188 42 campaign,
1044 1590 34 39 at
1104 1587 186 42 Princeton,

302 1642 83 30 New
412 1641 127 41 Jersey.
587 1638 96 45 They
711 1638 64 44 had
798 1638 81 44 been
906 1638 124 45 invited
1054 1638 41 45 by
1121 1638 170 44 President

302 1692 162 37 McCosh,
498 1690 65 39 and
595 1689 96 39 other
723 1689 164 39 members
924 1689 35 40 of
993 1689 57 40 the
1082 1690 141 39 Faculty
1261 1690 34 39 of

303 1743 179 31 Princeton
501 1742 147 39 College,
667 1745 33 36 to
718 1740 76 40 visit
812 1740 56 40 the
886 1740 103 40 place,
1009 1740 63 40 and
1096 1752 61 29 one
1181 1741 34 39 of
1235 1740 57 40 the

301 1794 165 31 churches
483 1794 67 32 had
575 1793 83 33 been
678 1792 156 33 tendered
857 1792 91 33 them
971 1791 48 34 for
1040 1792 87 33 their
1148 1795 141 30 concert.

299 1848 28 30 A
348 1846 86 31 little
458 1844 99 33 while
578 1843 110 34 before
712 1845 26 33 it
760 1854 69 24 was
852 1842 81 35 time
957 1842 49 35 for
1026 1842 56 36 the
1105 1846 130 31 concert
1257 1846 33 31 to

300 1897 110 40 begin,
429 1896 81 41 they
528 1894 135 43 learned
681 1894 73 43 that
773 1904 40 33 an
840 1893 267 45 out-of-the-way
1126 1902 114 35 corner
1261 1892 34 45 of

299 1949 57 30 the
379 1947 126 33 church
529 1946 66 33 had
618 1946 82 33 been
726 1948 50 31 set
801 1944 90 35 aside
915 1944 49 36 for
987 1943 153 36 coloured
1164 1943 125 39 people,

301 2000 65 31 and
390 1999 74 32 that
486 1998 80 39 they
589 2006 84 30 were
699 1995 129 42 refused
853 1993 180 43 admission
1055 1997 33 39 to
1111 2003 63 33 any
1198 1993 94 43 other
