1725 2400
1266 328 29 24 17

630 797 224 32 CHAPTER
879 797 67 32 III.

513 893 195 23 launched
735 893 45 23 on
805 892 139 24 stormy
969 892 93 24 seas.

285 972 81 30 The
384 982 165 29 company
567 982 36 29 as
615 972 24 39 it
657 972 56 39 left
734 971 184 40 Nashville,
939 971 144 40 October
1100 970 66 41 6th,
1185 971 91 40 1871,

283 1023 153 30 followed
455 1023 41 39 by
513 1023 56 39 the
591 1023 87 39 good
691 1023 132 39 wishes,
841 1033 144 29 prayers,
1000 1022 195 40 misgivings
1213 1022 63 40 and

282 1073 163 30 anxieties
465 1073 34 30 of
512 1072 56 31 the
585 1073 106 30 whole
711 1073 204 39 University,
934 1073 181 39 numbered
1132 1073 141 39 thirteen

281 1134 150 30 persons.
479 1122 111 41 These
615 1134 86 30 were
730 1124 63 39 Mr.
822 1123 126 40 White,
966 1123 73 40 who
1068 1134 68 30 was
1159 1127 32 36 at
1216 1123 55 40 the

282 1185 91 20 same
396 1174 80 30 time
506 1173 56 31 the
591 1174 146 39 captain,
768 1184 211 30 supercargo,
1008 1174 93 39 pilot,
1132 1175 140 39 steward

279 1226 65 30 and
371 1235 85 21 crew
482 1225 35 30 of
543 1224 57 31 the
627 1224 74 39 ship
716 1236 7 28 ;
764 1225 83 39 Miss
873 1225 117 39 Wells,
1020 1225 55 39 the
1105 1225 165 39 Principal

278 1277 34 30 of
340 1287 41 20 an
407 1275 177 31 American
620 1275 204 40 Missionary
855 1275 210 40 Association
1099 1277 112 39 school
1237 1281 33 35 at

276 1328 139 36 Athens,
444 1326 174 38 Alabama,
648 1326 75 38 who
750 1327 78 37 took
856 1327 57 37 the
946 1327 168 40 oversight
1149 1328 34 39 of
1214 1328 55 39 the

274 1379 81 39 girls
396 1378 34 40 of
466 1377 56 42 the
562 1382 116 36 party;
721 1377 64 41 and
832 1377 112 41 eleven
991 1378 276 40 students—Ella

275 1430 185 40 Sheppard,
481 1428 134 42 Maggie
634 1430 39 40 L.
695 1430 125 40 Porter,
834 1429 120 41 Jennie
967 1430 158 42 Jackson,
1140 1430 126 42 Minnie

273 1481 97 37 Tate,
395 1480 98 38 Eliza
522 1481 151 37 Walker,
694 1480 125 38 Phoebe
847 1481 30 41 J.
903 1481 184 41 Anderson,
1117 1481 148 41 Thomas

273 1531 151 40 Rutling,
468 1530 180 41 Benjamin
690 1530 46 41 M.
779 1531 153 40 Holmes,
969 1532 129 39 Greene
1137 1532 125 39 Evans,

271 1581 96 30 Isaac
387 1581 36 30 P.
445 1580 199 37 Dickerson,
665 1580 64 37 and
748 1580 129 39 George
897 1580 118 39 Wells.

311 1630 73 31 The
417 1630 65 40 day
515 1630 84 40 after
630 1630 159 40 reaching
820 1629 193 41 Cincinnati
1041 1630 57 40 the
1125 1630 134 40 Singers

268 1686 67 27 met
360 1681 82 31 with
466 1682 57 30 the
550 1682 81 30 Rev.
653 1682 135 30 Messrs.
816 1681 124 39 Halley
965 1681 64 39 and
1055 1682 124 39 Moore,
1203 1682 56 39 the

267 1736 132 36 pastors
416 1732 35 40 of
476 1732 56 40 the
558 1736 66 36 two
647 1732 133 40 leading
798 1732 279 40 Congregational
1096 1732 163 40 churches

265 1784 36 30 of
322 1784 57 30 the
402 1783 78 41 city,
500 1783 74 41 who
597 1794 84 30 were
705 1794 36 30 so
761 1783 168 41 delighted
950 1784 80 40 with
1050 1784 87 40 their
1158 1794 99 30 songs

262 1835 75 30 that
378 1834 80 41 they
496 1834 231 41 immediately
759 1835 162 40 arranged
958 1839 34 36 to
1032 1835 78 40 hold
1149 1834 107 41 praise

240 1886 188 39 -meetings
460 1885 33 40 in
526 1886 87 39 their
645 1886 164 39 churches
843 1896 41 29 on
918 1885 147 41 Sunday,
1092 1885 55 41 the
1179 1889 77 37 next

261 1938 74 39 day,
360 1938 73 39 that
463 1938 87 39 their
575 1939 116 38 people
720 1938 106 39 might
854 1937 84 40 have
963 1937 56 40 the
1047 1938 152 39 pleasure
1224 1936 35 41 of

259 1987 141 40 hearing
417 1988 103 39 them.
572 1989 76 39 Full
667 1989 180 39 audiences
862 1986 135 42 greeted
1015 1987 90 41 them
1124 1986 33 42 in
1175 1986 78 42 both

744 2034 18 28 3
