1725 2400
528 373 231 34 BENJAMIN
773 376 42 31 M.
834 375 181 32 HOLMES.

1222 381 45 26 US

321 455 93 30 After
430 456 57 30 the
503 467 69 20 war
588 457 51 30 his
657 462 125 26 master
798 458 109 30 would
925 468 62 29 pay
1004 458 69 39 him
1091 468 41 29 no
1145 467 120 30 wages,

279 505 58 30 but
365 507 228 32 endeavoured
627 513 33 26 to
693 509 80 39 keep
806 508 67 39 him
907 513 33 35 at
969 509 89 39 work
1083 519 36 29 as
1148 508 118 39 before.

282 557 54 30 He
352 558 163 32 therefore
534 570 58 20 ran
610 570 102 30 away,
733 560 63 39 and
815 559 91 40 hired
924 564 57 35 out
999 570 87 29 upon
1104 570 18 29 a
1140 560 126 39 planta¬

279 607 71 32 tion
383 609 99 31 about
515 611 111 30 fifteen
660 611 96 30 miles
787 611 137 30 distant.
973 612 51 39 By
1051 612 64 39 and
1147 612 41 39 by
1217 611 51 39 his

282 664 125 27 master
430 661 102 31 heard
548 663 108 30 where
683 663 40 30 he
741 672 78 27 was,
840 663 63 36 and
930 666 74 33 sent
1027 672 90 27 some
1140 672 75 27 men
1234 666 34 33 to

282 710 96 41 bring
399 712 69 39 him
494 713 84 38 back
603 714 42 39 by
662 713 98 40 force.
810 714 53 39 He
880 723 69 30 was
975 713 97 40 given
1090 724 19 29 a
1125 713 144 40 flogging

282 763 64 30 and
370 767 50 27 set
444 768 35 26 to
504 764 90 30 work
612 765 109 39 again,
738 765 58 39 but
822 774 80 29 soon
925 774 57 29 ran
1002 775 93 29 away
1113 775 18 29 a
1149 764 120 40 second

279 813 92 30 time.
421 815 53 30 He
501 815 96 30 made
618 826 18 19 a
658 826 75 20 sure
758 816 97 39 thing
881 816 33 39 of
939 816 129 39 getting
1086 819 57 36 out
1165 815 35 40 of
1218 814 51 41 his

281 868 153 29 master's
462 867 99 30 reach
587 878 40 19 on
653 867 68 30 this
745 867 87 37 trial,
852 867 66 37 and
939 872 89 33 went
1053 871 34 33 to
1109 866 90 39 work
1222 866 48 39 for

281 918 72 40 fifty
371 922 93 36 cents
485 929 18 29 a
520 918 63 39 day
600 918 33 39 in
655 918 195 40 Talladega.
900 918 111 39 When
1029 918 40 39 he
1088 918 64 40 had
1170 917 99 41 saved

282 969 90 40 quite
397 980 19 30 a
441 981 86 29 sum,
552 969 40 40 he
625 970 118 39 loaned
777 969 24 40 it
832 974 34 36 to
900 980 18 30 a
949 969 99 41 white
1079 979 88 30 man,
1196 969 74 41 who

283 1018 166 40 promised
467 1019 69 39 him
555 1029 18 29 a
590 1020 89 39 large
698 1023 69 36 rate
786 1019 33 39 of
834 1019 148 39 interest.
1031 1019 67 39 But
1115 1018 40 40 he
1173 1027 99 31 never

284 1080 68 20 saw
369 1070 105 30 either
492 1070 162 39 principal
672 1080 36 29 or
723 1069 138 40 interest
879 1070 183 39 afterward.

329 1122 39 29 In
387 1121 91 36 1868,
498 1121 40 36 he
557 1122 203 36 determined
777 1126 33 31 to
828 1131 40 29 go
885 1125 33 34 to
936 1121 125 39 school.
1110 1121 53 39 He
1180 1119 91 40 hired

284 1183 18 19 a
333 1183 102 27 room,
465 1173 131 37 worked
634 1172 169 39 mornings
840 1172 63 39 and
942 1172 122 39 nights,
1098 1172 63 39 and
1197 1172 75 39 paid

285 1223 42 36 $2
356 1234 19 25 a
402 1223 117 36 month
547 1223 48 36 for
624 1223 123 39 having
776 1223 50 39 his
855 1223 140 39 cooking
1030 1223 63 39 and
1123 1222 149 39 washing

284 1275 95 32 done.
423 1274 73 33 The
513 1275 71 33 first
600 1284 79 30 year
696 1275 39 39 he
754 1275 132 39 learned
905 1274 50 40 his
975 1275 112 39 letters
1105 1274 63 40 and
1185 1278 86 36 went

283 1326 144 39 through
455 1326 57 39 the
542 1326 129 39 Second
706 1325 138 40 Reader.
893 1326 50 39 By
970 1325 158 40 teaching
1155 1324 118 41 during

283 1377 57 30 the
373 1386 146 21 summer
546 1376 165 37 vacation,
741 1376 63 37 and
833 1375 148 39 working
1011 1375 48 39 for
1090 1375 51 39 his
1172 1375 100 39 board

282 1432 57 27 out
357 1428 35 31 of
414 1428 98 39 study
528 1427 112 41 hours,
659 1427 41 41 he
723 1427 78 41 kept
819 1437 42 31 on
877 1426 81 42 with
975 1426 52 42 his
1045 1425 126 42 studies
1188 1425 85 42 until

282 1479 40 30 he
339 1479 57 31 left
413 1479 91 31 them
527 1483 34 27 to
580 1478 72 39 join
675 1478 57 39 the
755 1478 135 39 Singers
913 1477 33 40 in
970 1477 92 40 1872.
1108 1476 93 41 After
1216 1477 57 40 the

282 1531 71 30 first
384 1530 176 40 campaign
593 1530 33 40 in
659 1530 102 40 Great
795 1528 141 42 Britain,
969 1528 40 42 he
1041 1527 168 42 remained
1239 1527 33 43 in

282 1581 141 31 London
447 1585 33 27 to
506 1591 122 30 pursue
653 1580 140 41 musical
817 1578 137 42 studies.

486 1645 8 9 i-

326 1668 186 36 Benjamin
532 1667 45 38 M.
599 1667 153 38 Holmes
770 1665 27 40 is
816 1676 18 29 a
850 1664 111 41 native
980 1664 34 41 of
1031 1663 240 42 Charleston,

284 1718 107 31 South
411 1717 167 32 Carolina.
627 1717 54 32 He
703 1727 68 22 was
795 1716 80 33 born
900 1715 34 34 of
954 1716 90 33 slave
1068 1719 145 35 parents,
1231 1725 39 29 on

282 1770 57 30 the
366 1768 80 39 25th
471 1767 34 40 of
527 1767 204 40 September,
751 1767 105 41 either
879 1766 32 42 in
939 1766 81 42 1846
1045 1776 36 32 or
1105 1766 93 42 1848,
1216 1764 57 43 but

283 1819 110 31 which
409 1828 79 30 year
504 1818 41 40 he
563 1818 78 40 does
658 1822 57 36 not
732 1817 159 41 certainly
908 1816 108 42 know.

325 1869 113 33 When
456 1878 18 23 a
492 1868 85 33 little
603 1867 118 37 fellow,
740 1867 146 39 scarcely
903 1866 53 39 old
981 1866 132 40 enough
1138 1869 34 37 to
1198 1866 76 40 look

283 1930 78 21 over
387 1919 52 32 his
468 1918 196 39 employer's
692 1917 117 40 bench,
836 1917 41 40 he
903 1926 69 31 was
998 1915 213 42 apprenticed
1240 1920 34 38 to

283 1971 93 30 learn
396 1968 57 32 the
477 1967 126 33 tailor's
624 1966 104 34 trade.
777 1965 64 35 His
863 1965 108 36 father
995 1964 66 36 had
1086 1964 132 36 learned
1240 1967 33 33 to

284 2020 78 31 read
390 2030 19 21 a
436 2018 96 36 little,
561 2016 64 38 and
654 2016 141 39 secretly
822 2014 120 41 taught
971 2013 68 42 him
1068 2013 51 42 his
1147 2013 126 42 letters.

286 2073 54 30 He
363 2068 130 35 studied
510 2068 56 35 the
585 2067 152 36 business
759 2066 90 39 signs
874 2065 63 40 and
954 2064 57 41 the
1028 2075 115 30 names
1161 2075 42 30 on
1218 2064 56 41 the
