1738 2409
665 339 166 29 MAGGIE
848 342 33 28 L.
900 341 168 30 PORTER.

1326 353 33 33 $3

367 421 102 32 work.
517 423 96 32 With
645 425 72 31 this*
750 426 58 33 she
840 433 87 27 went
963 433 34 28 to
1037 430 79 31 Fisk
1154 432 203 42 University,

366 472 111 33 where
507 474 58 32 she
593 487 69 21 was
688 480 148 39 engaged
864 480 33 39 in
924 482 99 40 study
1049 483 63 39 and
1137 483 32 39 in
1195 484 90 38 work
1311 484 49 38 for

368 524 217 42 self-support
609 528 49 39 for
681 529 100 37 about
803 535 65 31 two
892 543 105 30 years,
1017 534 95 39 when
1135 534 58 39 she
1210 545 68 28 was
1304 546 54 29 ap¬

368 576 135 39 pointed
527 589 62 26 one
613 580 34 35 of
669 580 57 35 the
750 582 152 33 teachers
926 585 35 30 of
982 584 233 33 instrumental
1240 587 116 30 music.

369 627 66 31 She
453 629 95 31 aided
567 630 33 31 in
613 632 134 41 drilling
763 634 56 39 the
834 634 93 39 choir
942 636 81 37 with
1036 636 108 36 which
1164 638 62 35 Mr.
1242 638 115 35 White

366 689 83 29 gave
482 681 57 36 the
573 687 136 30 cantata
734 684 35 33 of
799 687 19 31 "
831 686 158 38 Esther,"
1016 688 64 36 and
1105 693 56 31 out
1191 689 34 35 of
1249 690 108 34 which

365 729 57 31 the
447 731 130 41 Jubilee
601 734 135 39 Singers
758 746 85 27 were
867 738 186 39 organised.
1100 739 45 38 As
1167 739 57 38 the
1246 740 111 37 skilful

366 783 124 39 pianist
513 785 34 37 of
568 785 56 37 the
648 797 174 31 company,
841 789 58 39 she
924 789 61 39 has
1009 789 81 39 been
1110 791 81 37 with
1211 791 24 37 it
1258 791 32 37 in
1314 791 43 37 all

366 834 42 31 its
426 836 206 41 campaigns.

410 938 145 32 Maggie
581 939 39 31 L.
648 942 145 31 Porter
815 953 69 21 was
907 943 80 31 born
1016 945 33 31 in
1074 945 170 38 Lebanon,
1271 946 85 37 Ten¬

366 999 128 28 nessee,
511 990 31 37 in
558 991 178 42 February,
753 994 92 39 1853.
888 996 70 37 Her
975 1000 124 33 master
1116 1008 67 25 was
1200 998 155 40 wealthy,

366 1041 133 39 owning
516 1052 90 29 some
624 1047 65 34 two
706 1044 150 37 hundred
873 1046 118 37 slaves,
1008 1047 74 36 and,
1101 1057 35 27 as
1153 1048 58 36 her
1228 1049 129 35 mother

366 1102 70 20 was
454 1102 18 21 a
489 1092 161 31 favourite
674 1093 104 32 house
804 1101 143 33 servant,
967 1097 58 37 she
1050 1108 68 26 saw
1135 1098 84 36 little
1245 1099 34 35 of
1300 1100 56 34 the

367 1143 138 30 harsher
523 1143 69 31 side
610 1144 35 30 of
666 1145 128 41 slavery
811 1146 32 40 in
860 1146 58 40 her
934 1147 188 39 childhood.

411 1194 68 30 Not
504 1195 78 39 long
606 1195 108 39 before
738 1197 56 37 the
819 1208 68 26 war
910 1198 58 36 her
992 1203 126 30 master
1144 1201 151 33 removed
1320 1205 34 29 to

368 1245 185 38 Nashville,
580 1247 63 36 and
672 1246 92 36 there
795 1248 56 35 the
874 1248 201 34 President's
1104 1251 249 38 proclamation,

367 1296 65 30 and
449 1296 55 30 the
523 1297 132 39 coming
672 1298 34 39 of
720 1299 56 38 the
796 1299 111 38 Union
927 1311 102 30 army,
1045 1311 81 29 gave
1142 1302 131 40 Maggie
1290 1303 85 39 and»

366 1347 59 30 her
445 1352 135 36 parents
601 1348 87 39 their
704 1348 156 39 freedom.
908 1350 111 37 When
1044 1352 116 36 twelve
1182 1364 96 30 years
1302 1354 53 39 old

366 1398 57 30 she
447 1398 105 40 began
570 1403 33 36 to
621 1410 41 30 go
679 1404 34 36 to
732 1401 125 39 school.
906 1401 72 39 The
1002 1407 77 33 next
1104 1413 78 30 year
1206 1404 57 39 she
1286 1415 68 28 was

366 1459 61 20 one
444 1450 34 30 of
498 1450 56 30 the
573 1449 92 32 three
686 1450 149 31 hundred
852 1452 110 39 pupils
979 1452 73 39 that
1071 1454 159 38 gathered
1248 1455 32 37 in
1296 1455 57 36 the

366 1500 53 30 old
443 1500 144 41 hospital
605 1501 156 39 barracks
783 1502 57 39 the
862 1503 71 37 first
951 1503 91 37 week
1059 1504 56 36 the
1134 1504 80 36 Fisk
1233 1505 120 36 School

363 1561 69 21 was
450 1552 137 39 opened.

407 1602 51 30 An
476 1602 90 30 older
582 1602 98 30 sister
698 1602 63 31 had
780 1603 81 30 been
880 1608 72 27 sent
972 1614 93 30 away
1081 1608 33 36 to
1132 1615 18 29 a
1167 1605 184 39 plantation

365 1652 32 30 in
417 1653 201 39 Mississippi
642 1653 108 39 before
772 1654 55 38 the
846 1665 76 27 war,
943 1655 63 37 and
1024 1656 24 36 it
1066 1665 68 27 was
1158 1660 56 32 not
1234 1656 117 36 known

364 1703 90 31 what
477 1704 64 30 had
562 1704 135 30 become
714 1704 35 30 of
769 1704 67 30 her.
884 1704 72 30 The
979 1707 130 30 mother
1131 1707 87 30 often
1241 1708 111 30 talked

365 1754 35 30 of
420 1754 171 31 her—told
609 1755 74 30 how
701 1755 57 30 she
776 1755 126 37 looked,
922 1757 64 36 and
1003 1757 88 36 what
1110 1757 57 36 she
1187 1758 54 35 did
1258 1759 93 33 when

364 1806 59 30 she
441 1815 68 21 was
525 1805 80 32 with
623 1806 103 38 them,
745 1806 63 37 and
826 1808 192 39 speculated
1036 1808 99 39 about
1153 1809 58 38 her
1228 1809 124 39 finding

363 1857 60 30 her
438 1866 73 30 way
527 1856 84 40 back
627 1860 33 36 to
681 1857 91 39 them
790 1857 32 39 in
840 1857 56 39 the
918 1858 66 38 tide
1008 1859 33 37 of
1062 1859 165 37 homeless
1250 1859 101 37 freed-

364 1917 75 21 men
464 1908 73 30 that
562 1907 32 31 in
618 1908 96 30 those
743 1908 79 39 days
847 1909 103 39 ebbed
976 1910 64 38 and
1068 1909 116 39 flowed
1209 1909 142 39 through

363 1969 97 30 every
479 1959 165 41 Southern
662 1959 77 42 city.
788 1961 74 39 Day
879 1960 40 40 by
937 1960 73 40 day,
1029 1971 36 30 as
1085 1960 131 40 Maggie
1233 1962 117 39 passed

362 2010 57 30 the
441 2010 275 40 railway-station
739 2021 41 30 on
803 2010 58 40 her
876 2021 72 30 way
965 2014 33 36 to
1019 2010 123 40 school,
1162 2011 57 39 she
1241 2012 108 39 would
