1725 2400
472 399 33 16 20

717 390 82 24 THE
820 389 181 33 JUBILEE
1020 389 183 33 SINGERS.

473 474 92 30 other
594 473 129 31 famous
761 473 152 37 families,
946 473 73 37 who
1059 484 95 29 years
1194 483 61 30 ago
1288 474 169 39 delighted

474 524 172 30 audiences
675 524 63 30 and
765 524 119 38 taught
915 524 92 38 them
1039 524 81 38 with
1153 524 182 38 sentiment
1360 525 98 37 while

474 574 77 39 they
567 573 133 39 pleased
717 573 91 39 them
826 573 82 39 with
926 573 165 39 melody."
1147 573 119 41 Jennie
1284 574 176 41 Jackson's

477 624 171 39 rendering
678 624 33 39 of
741 625 55 38 the
832 624 99 39 "Old
966 625 102 38 Folks
1101 629 33 34 at
1168 625 143 38 Home"
1350 636 36 27 as
1420 637 41 26 an

477 685 125 26 encore,
619 684 68 27 was
705 675 149 36 received
869 675 81 36 with
972 680 178 35 rapturous
1175 675 172 39 applause.
1397 677 63 38 Mr.

480 725 181 30 Dickerson
681 735 81 30 sang
778 726 57 39 the
855 726 19 39 "
891 725 228 40 Temperance
1138 726 133 40 Medley
1286 727 18 39 "
1322 726 77 40 here
1415 728 49 39 for

478 776 54 30 the
554 776 70 30 first
640 776 91 38 time,
751 776 63 38 and
831 776 57 38 the
906 777 87 37 class
1008 777 163 37 trembled
1193 777 50 37 for
1263 777 81 37 him,
1369 788 36 26 as
1422 778 42 36 he

481 827 93 30 stood
594 827 91 30 there
710 827 80 31 with
809 827 51 31 his
885 827 101 31 knees
1005 827 135 39 beating
1163 837 18 29 a
1200 831 108 34 tattoo
1332 828 132 39 against

482 878 79 31 each
589 879 104 37 other,
711 878 33 38 in
772 889 18 27 a
816 882 93 37 rusty
933 882 75 37 coat
1027 878 74 41 that
1129 888 69 31 was
1224 888 36 30 as
1285 879 100 40 much
1410 883 54 36 too

483 930 75 39 long
578 929 48 39 for
641 930 56 39 the
718 929 129 39 fashion
876 940 36 28 as
933 929 52 39 his
1008 933 155 35 trowsers
1184 939 85 30 were
1295 933 56 36 too
1375 929 91 39 short

483 980 47 30 for
555 980 216 40 neighbourly
798 980 240 40 acquaintance
1071 980 80 40 with
1177 979 52 41 his
1261 980 63 40 low
1356 980 110 40 shoes.

486 1032 65 30 But
583 1032 187 30 confidence
804 1041 91 20 came
927 1030 81 31 with
1040 1030 56 31 the
1129 1031 105 30 sound
1263 1031 34 30 of
1318 1030 53 31 his
1395 1041 74 20 own

486 1082 100 36 voice,
605 1082 64 36 and
685 1081 56 37 the
759 1082 157 36 audience
933 1081 108 39 forgot
1058 1082 57 39 the
1133 1091 206 30 appearance
1357 1081 33 39 of
1413 1080 57 40 the

489 1132 106 39 singer
610 1133 74 38 who
702 1132 129 39 swayed
849 1131 92 40 them
960 1143 35 29 so
1011 1131 81 40 with
1110 1131 52 40 his
1179 1142 93 30 song.

529 1182 201 41 Journeying
754 1186 76 37 next
854 1185 35 38 to
913 1182 208 41 Springfield,
1140 1187 34 36 to
1191 1183 47 40 fill
1260 1193 42 30 an
1320 1183 150 40 appoint¬

491 1237 88 27 ment
603 1233 48 31 for
675 1244 18 21 a
718 1237 132 27 concert
876 1236 33 28 at
935 1233 135 31 Black's
1115 1233 243 40 Opera-house,
1394 1234 80 40 they

491 1285 98 30 found
606 1285 64 30 less
687 1284 81 32 than
780 1287 125 36 twenty
921 1284 115 39 people
1053 1284 157 39 gathered
1221 1289 34 34 to
1274 1284 80 39 hear
1369 1284 103 39 them,

493 1335 63 30 and
582 1335 79 30 with
689 1335 105 39 heavy
816 1335 112 39 hearts
953 1335 79 39 they
1068 1335 194 39 announced
1293 1335 74 39 that
1398 1335 79 39 they

492 1386 106 30 would
616 1389 159 36 postpone
792 1385 56 39 the
866 1385 267 39 entertainment.

536 1437 27 29 A
582 1436 112 40 Synod
712 1436 33 40 of
762 1436 233 40 Presbyterian
1014 1436 168 40 ministers
1199 1448 69 28 was
1293 1437 33 39 in
1350 1437 128 39 session

495 1487 87 39 here,
603 1487 63 39 and
696 1487 62 39 Mr.
786 1486 117 39 White
933 1487 156 39 obtained
1113 1488 199 39 permission
1344 1487 49 39 for
1424 1488 57 39 the

498 1539 133 39 Singers
648 1542 34 36 to
700 1548 121 30 appear
837 1538 108 40 before
961 1538 105 40 them.
1098 1539 164 39 Assigned
1280 1549 19 29 a
1315 1539 169 39 half-hour

498 1590 32 30 in
554 1589 107 31 which
684 1593 34 27 to
744 1589 83 39 sing,
848 1589 61 39 and
929 1593 86 35 state
1031 1589 86 39 their
1134 1600 109 28 cause,
1263 1590 24 39 it
1304 1600 69 28 was
1391 1600 18 28 a
1425 1590 60 39 full

501 1641 81 30 hour
598 1641 108 30 before
723 1641 55 30 the
797 1641 111 39 Synod
927 1641 109 39 would
1054 1640 124 40 release
1194 1640 105 40 them.
1339 1641 74 39 And
1430 1645 57 35 not

501 1690 75 39 only
600 1689 54 40 did
677 1689 79 39 they
779 1689 112 40 testify
914 1689 85 41 their
1023 1689 124 41 delight
1173 1689 61 41 "in
1260 1700 19 30 a
1293 1689 194 41 vociferous,

504 1738 163 37 heartfelt,
700 1738 63 37 and
802 1738 169 39 decidedly
1008 1738 179 39 unclerical
1222 1749 149 29 manner,
1410 1738 81 39 with

504 1788 114 36 hands,
636 1788 75 37 feet,
731 1788 63 37 and
810 1789 107 36 voice;
931 1790 17 36 "
967 1790 58 36 but
1041 1789 80 39 they
1139 1789 119 39 passed
1275 1800 18 29 a
1310 1789 181 39 resolution

507 1839 170 39 "heartily
702 1839 233 39 commending
960 1839 92 39 them
1082 1843 34 35 to
1148 1839 57 39 the
1229 1839 116 39 favour
1376 1839 34 39 of
1438 1839 55 39 the

510 1889 166 30 Christian
694 1890 237 39 community,"
960 1889 65 39 and
1049 1889 213 39 emphasized
1280 1889 24 39 it
1321 1890 42 39 by
1381 1890 117 39 taking

510 1950 42 30 up
570 1950 18 30 a
606 1939 174 41 collection
798 1939 48 41 for
864 1939 88 41 their
968 1939 126 41 benefit
1112 1938 33 42 of
1159 1937 96 43 $105.

552 1991 162 39 Working
738 1990 85 39 their
848 2001 72 29 way
945 1989 33 41 in
1004 2001 18 30 a
1045 1989 132 41 zig-zag
1197 1989 81 41 path
1296 1990 201 40 northward,

516 2042 74 39 they
613 2052 81 30 gave
719 2052 18 30 a
762 2045 131 36 concert
919 2044 33 37 at
976 2040 126 41 Yellow
1128 2040 151 42 Springs,
1305 2040 108 41 where
1443 2040 54 41 the
