1725 2400
549 318 171 29 I-IINTON
733 321 41 26 D.
794 318 269 29 ALEXANDER.
1256 324 24 23 11
1290 325 9 22 r

306 406 216 30 accustomed
547 409 34 27 to
607 405 69 32 hire
705 405 58 32 her
785 415 72 21 own
881 404 92 38 time,
992 402 63 39 and
1078 401 75 41 that
1176 402 34 39 of
1236 402 57 40 the

305 457 72 31 four
393 468 112 30 young
525 457 147 41 children
696 457 74 41 that
798 466 84 32 were
913 455 57 43 left
993 459 33 39 to
1054 455 68 43 her,
1142 453 48 45 for
1207 453 87 45 $250

306 520 19 20 a
349 519 89 30 year.
487 508 66 41 She
580 508 118 41 earned
726 507 131 42 enough
880 507 42 42 by
943 505 117 44 taking
1082 505 33 44 in
1140 505 153 44 washing

306 564 34 26 to
375 565 135 35 support
538 560 57 40 the
622 559 115 41 family
766 559 63 41 and
858 568 63 32 pay
942 557 68 43 this
1029 557 123 43 tribute
1177 561 33 39 to
1236 556 58 44 her

306 616 135 27 master.
490 613 51 38 By
559 612 63 39 and
641 611 41 40 by
698 611 58 40 her
773 619 110 32 owner
900 609 135 42 decided
1052 612 33 39 to
1104 609 60 42 sell
1188 608 103 43 them,

307 664 64 30 and
394 663 58 30 she
469 673 68 21 was
560 663 138 31 allowed
714 666 34 27 to
765 672 42 29 go
829 664 57 36 out
909 660 65 40 and
996 660 60 40 sell
1080 660 132 41 herself,
1229 660 63 41 i.e.,

306 715 68 30 find
395 725 91 20 some
513 724 60 21 one
597 717 34 27 to
657 714 108 31 whom
784 712 58 33 she
863 712 106 33 would
987 711 105 39 prefer
1109 715 34 36 to
1161 711 131 39 belong,

307 765 64 31 and
395 765 75 32 who
494 765 110 32 would
620 765 39 32 be
676 764 128 39 willing
819 768 34 36 to
871 774 64 30 pay
951 763 60 40 her
1027 764 153 39 master's
1205 762 88 42 price

306 818 48 30 for
369 817 68 30 her.
486 816 66 31 She
580 815 102 33 found
709 826 19 21 a
754 815 181 39 purchaser
963 814 49 40 for
1037 813 124 41 herself
1184 813 64 41 and
1275 824 18 30 a

306 874 72 36 part
396 869 34 41 of
444 868 58 42 her
519 867 159 42 children,
693 867 65 42 and
776 867 139 43 another
927 866 111 44 buyer,
1054 869 57 41 not
1125 864 49 45 far
1188 875 104 35 away,

308 922 48 30 for
372 921 56 30 the
447 921 94 31 other
560 918 99 33 child.

351 974 67 30 But
432 972 222 32 investments
671 970 33 33 in
722 970 89 33 slave
828 972 153 37 property
999 969 54 41 did
1070 972 57 38 not
1144 978 98 31 prove
1259 972 34 38 to

309 1026 38 30 be
366 1035 34 20 so
418 1023 172 40 profitable
607 1023 33 40 in
658 1022 96 41 those
771 1021 81 42 days
870 1031 36 32 as
923 1021 78 42 they
1018 1020 66 42 had
1101 1030 81 33 once
1199 1020 94 42 been.

310 1077 38 29 In
366 1075 84 31 little
468 1084 90 22 more
582 1073 82 33 than
690 1083 18 23 a
730 1083 79 30 year
833 1071 81 41 after
936 1071 58 41 she
1017 1071 64 42 had
1106 1071 189 42 negotiated

310 1128 56 30 the
392 1126 69 32 sale
486 1125 36 33 of
541 1125 60 33 her
621 1123 126 40 family,
765 1123 80 40 they
867 1132 85 31 were
969 1122 44 42 all
1031 1125 50 38 set
1098 1120 66 43 free
1181 1121 42 42 by
1239 1121 57 42 the

310 1189 77 26 war,
406 1176 65 39 and
489 1176 58 39 she
564 1185 68 30 was
650 1173 141 42 relieved
808 1173 83 42 from
908 1173 57 42 the
981 1171 165 44 necessity
1164 1172 34 43 of
1218 1182 77 33 pay¬

309 1230 57 39 ing
381 1238 111 31 wages
509 1231 33 38 to
561 1236 91 33 some
669 1236 60 33 one
748 1225 66 44 else
831 1224 48 45 for
895 1224 58 45 her
969 1234 72 35 own
1058 1224 100 45 work.

354 1281 93 30 After
462 1279 57 32 the
535 1288 69 23 war
621 1277 121 36 closed,
761 1276 56 37 the
840 1275 114 39 family
973 1275 116 39 moved
1107 1278 33 36 to
1159 1274 136 40 Chatta¬

310 1341 118 29 nooga,
448 1331 64 39 and
530 1329 186 42 Alexander
732 1327 100 43 found
849 1326 89 44 work
955 1326 32 44 in
1006 1336 19 34 a
1041 1325 119 45 rolling
1178 1324 81 46 mill.

356 1383 53 30 He
448 1381 66 32 had
553 1379 99 34 saved
692 1390 19 23 a
749 1378 85 35 little
873 1388 130 28 money,
1033 1377 64 39 and
1136 1376 162 40 suddenly

311 1433 147 37 decided,
476 1442 61 28 one
562 1432 63 38 day
649 1430 33 40 in
707 1429 56 41 the
787 1428 57 42 fall
869 1428 35 42 of
926 1428 92 42 1871,
1037 1427 95 43 when
1150 1437 91 33 some
1267 1425 34 45 of

309 1485 54 30 his
395 1483 171 32 comrades
597 1491 87 24 were
715 1481 100 34 about
849 1479 144 39 starting
1021 1478 50 39 for
1102 1477 82 40 Fisk
1216 1477 81 40 Uni¬

310 1536 135 39 versity,
462 1539 35 36 to
518 1545 41 31 go
578 1534 99 42 along
693 1531 80 45 with
791 1531 104 45 them.
942 1530 42 46 At
1002 1529 71 47 first
1089 1529 40 47 he
1147 1538 68 38 was
1233 1527 64 49 like

312 1599 20 19 a
354 1587 63 31 fish
441 1590 58 28 out
524 1584 34 33 of
578 1587 115 33 water,
713 1582 65 38 and
794 1591 69 29 was
888 1590 91 30 sorry
1003 1578 130 42 enough
1158 1578 73 42 that
1256 1578 41 42 he

312 1638 66 30 had
396 1647 105 21 come.
549 1636 53 32 He
621 1633 101 35 found
739 1632 23 36 it
780 1632 81 36 hard
885 1634 33 34 to
944 1630 45 38 tie
1013 1629 51 39 his
1089 1629 91 39 mind
1204 1629 93 39 down

312 1692 34 26 to
372 1686 114 36 books,
505 1685 76 36 and,
601 1694 36 27 as
663 1683 41 39 he
725 1691 68 30 was
818 1683 57 38 not
898 1680 78 42 then
1000 1689 19 32 a
1044 1677 180 44 Christian,
1242 1677 56 44 the

315 1736 171 42 pervasive
518 1734 156 43 religious
707 1731 209 46 atmosphere
947 1729 108 48 which
1084 1729 60 48 has
1176 1728 123 49 always

315 1790 82 29 been
420 1797 36 21 so
480 1783 249 36 characteristic
752 1782 34 36 of
806 1782 57 36 the
888 1781 113 38 school
1026 1780 95 39 made
1149 1779 69 40 him
1243 1790 56 29 un¬

316 1838 225 32 comfortable.
589 1836 67 33 But
678 1835 41 35 he
744 1833 64 36 had
829 1831 170 40 deposited
1017 1831 51 40 his
1085 1841 119 30 money
1220 1829 81 42 with

317 1891 63 30 Mr.
399 1889 114 32 White
540 1897 42 24 on
606 1887 51 34 his
674 1884 128 36 arrival,
823 1884 63 37 and
909 1893 68 27 was
1000 1881 159 39 ashamed
1184 1885 33 36 to
1242 1880 58 41 ask

315 1942 50 30 for
384 1941 25 31 it
438 1939 66 33 and
530 1938 73 40 give
631 1936 52 42 his
711 1945 117 33 reason
855 1935 49 43 for
928 1932 142 45 leaving.
1118 1931 110 47 When
1245 1930 56 48 the

317 1991 189 34 Christmas
537 1986 152 39 vacation
717 1995 93 30 came
835 1984 40 41 he
903 1989 87 36 went
1018 1983 108 42 home,
1155 1981 78 44 with
1260 1990 40 35 no
