1725 2400
1466 67 98 36 mm

463 380 48 25 106
712 381 83 25 THE
813 380 180 33 JUBILEE
1011 378 181 36 SINGERS.

462 465 116 39 sitting
594 465 32 39 in
644 465 55 39 the
720 465 255 39 slave-quarters
993 465 32 39 at
1042 460 178 44 breakfast,
1239 459 96 45 when
1358 458 87 46 their

459 526 110 29 young
585 520 123 35 master
725 516 76 39 rode
819 524 42 31 up
880 513 62 42 and
965 512 69 43 told
1056 512 92 43 them
1170 510 78 45 they
1265 519 84 36 were
1365 509 77 46 free.

459 565 94 39 They
570 564 125 39 danced
720 565 63 39 and
808 573 82 30 sang
912 564 48 40 for
979 562 66 42 joy,
1065 562 63 42 and
1146 561 96 43 Tom,
1263 560 183 44 supposing

460 616 39 29 he
528 616 108 29 would
663 615 83 30 have
774 614 193 39 everything
996 614 63 39 like
1088 612 51 42 his
1170 621 111 32 young
1308 616 135 37 master,

460 666 135 30 decided
612 670 32 25 at
662 675 81 20 once
759 665 89 30 what
870 668 67 27 sort
956 663 33 32 of
1011 675 18 21 a
1047 663 94 32 horse
1164 663 40 33 he
1221 663 108 33 would
1354 662 67 33 ride
1436 662 5 33 !

459 716 93 40 They
569 716 179 40 remained,
766 715 160 41 however,
946 725 40 31 on
1004 714 56 42 the
1077 714 185 42 plantation
1280 714 50 42 till
1350 714 91 42 1865.

459 767 94 30 Then
581 767 122 39 having
726 767 100 39 heard
852 767 73 39 that
951 766 86 40 their
1062 766 105 40 eldest
1194 765 96 41 sister
1313 776 69 30 was
1410 765 33 42 in

461 818 183 37 Nashville,
663 817 84 38 Tom
772 817 63 38 and
862 817 51 38 his
941 817 133 38 brother
1099 816 124 39 started
1251 816 45 39 off
1316 821 33 34 to
1376 816 67 39 find

459 870 67 30 her.
573 869 112 32 While
702 869 80 32 with
805 869 57 32 her
883 869 40 32 he
947 868 132 33 learned
1101 868 51 33 his
1177 868 123 33 letters.
1347 867 94 34 Then

459 921 39 29 he
517 920 116 30 drifted
657 921 110 36 about,
785 919 147 38 working
954 923 32 34 at
1005 930 60 27 one
1088 918 96 39 thing
1206 919 63 39 and
1293 918 148 39 another,

459 972 83 29 until
565 972 40 29 he
628 972 133 29 became
779 981 18 19 a
814 970 90 39 pupil
927 974 33 36 at
983 970 90 39 Fisk,
1091 970 109 39 where
1217 969 40 40 he
1275 969 167 41 remained

459 1026 86 25 most
564 1022 33 30 of
618 1022 56 30 the
696 1022 79 30 time
792 1021 48 30 for
857 1021 125 30 several
1007 1031 95 28 years
1119 1020 84 39 until
1221 1020 41 39 he
1278 1024 86 35 went
1388 1024 56 35 out

458 1073 80 29 with
555 1072 56 30 the
628 1072 128 41 Jubilee
775 1071 144 42 Singers,
941 1081 41 32 on
1000 1071 55 42 the
1073 1071 70 42 first
1169 1071 227 42 organisation
1413 1071 34 42 of

459 1123 56 30 the
532 1133 174 30 company.
755 1122 52 40 He
825 1122 59 40 has
908 1122 80 40 been
1006 1122 78 41 with
1102 1122 92 41 them
1213 1122 139 40 steadily
1371 1133 75 30 ever

459 1174 100 30 since.

503 1278 208 29 Frederick
746 1277 30 41 J.
810 1276 140 42 Loudin
982 1275 27 42 is
1040 1286 18 32 a
1088 1275 110 42 native
1231 1276 34 42 of
1302 1277 140 41 Portage

460 1329 141 39 County,
621 1328 96 39 Ohio,
734 1327 109 40 where
865 1327 40 40 he
925 1338 68 30 was
1014 1327 79 40 born
1111 1327 32 40 in
1162 1327 91 40 1840.
1301 1327 142 40 Though

458 1378 102 39 living
576 1378 32 39 in
627 1389 18 29 a
662 1378 66 39 free
746 1378 104 39 State,
869 1378 40 39 he
929 1388 75 30 was,
1023 1377 82 40 from
1123 1377 51 40 his
1192 1377 131 40 earliest
1343 1378 99 39 recol¬

458 1430 130 36 lection,
615 1429 103 37 under
741 1429 56 37 the
821 1428 124 38 hateful
972 1428 135 38 shadow
1131 1428 34 38 of
1186 1429 138 39 slavery.
1371 1428 72 40 The

459 1481 165 30 Northern
643 1480 123 36 States,
783 1479 126 39 though
927 1479 78 40 they
1023 1479 64 40 had
1107 1479 64 39 had
1188 1479 56 39 the
1262 1479 131 39 vitality
1410 1484 33 35 to

457 1531 105 30 throw
586 1531 45 30 off
651 1531 56 30 the
732 1531 89 30 slave
846 1534 126 36 system
997 1530 117 39 earlier
1137 1530 32 40 in
1194 1530 86 39 their
1304 1530 137 40 history,

457 1583 64 30 had
546 1582 66 30 still
637 1582 141 30 fostered
801 1581 57 31 the
888 1581 87 31 cruel
1005 1581 167 40 prejudice
1197 1581 32 39 in
1254 1581 110 39 which
1387 1582 56 39 the

457 1634 152 30 coloured
632 1634 115 39 people
769 1643 84 30 were
876 1632 75 40 held
975 1632 205 40 everywhere
1203 1643 36 30 as
1257 1632 56 40 the
1338 1643 105 30 repre¬

457 1684 180 31 sentatives
665 1684 33 31 of
721 1695 42 21 an
792 1683 154 32 enslaved
971 1694 84 21 race.
1106 1684 38 31 In
1170 1693 90 22 some
1285 1688 156 35 respects,

456 1735 67 30 this
540 1734 172 30 ostracism
729 1745 68 20 was
815 1745 80 20 even
913 1745 89 20 more
1021 1735 164 39 complete
1209 1734 64 39 and
1296 1734 147 40 unchris¬

456 1786 69 30 tian
542 1785 33 30 in
591 1786 56 30 the
664 1785 65 30 free
746 1785 81 30 than
845 1785 32 30 in
895 1785 56 31 the
971 1785 90 30 slave
1080 1785 124 30 States.

500 1836 159 31 Loudin's
684 1836 107 32 father
812 1836 65 32 had
907 1836 231 31 accumulated
1165 1847 90 21 some
1278 1841 164 36 property,

456 1888 63 30 and
547 1887 64 31 had
635 1887 96 39 given
755 1886 207 40 generously,
981 1887 177 39 according
1181 1891 33 35 to
1239 1887 51 39 his
1316 1899 126 27 means,

455 1938 49 30 for
519 1938 55 30 the
592 1938 208 31 endowment
820 1936 33 33 of
873 1947 18 22 a
915 1937 124 39 college
1058 1947 18 28 a
1093 1937 62 39 few
1172 1938 95 37 miles
1290 1939 83 36 from
1392 1939 52 36 his

455 1989 108 30 home.
612 1989 65 30 But
693 1987 95 32 when
810 1987 40 32 he
876 1987 99 32 asked
993 1988 72 31 that
1084 1998 60 21 one
1166 1989 35 30 of
1221 1989 51 30 his
1293 1990 148 31 children

456 2040 104 39 might
577 2040 39 39 be
635 2038 159 41 admitted
818 2042 34 37 to
874 2037 56 42 the
958 2037 204 42 advantages
1181 2039 34 40 of
1228 2040 42 39 its
1288 2051 153 30 prepara-
