1725 2400
464 327 108 27 GOOD
596 330 147 26 WORDS
759 327 120 30 FROM
894 332 63 26 DR.
978 332 147 26 ALLON.
1257 332 30 26 61

298 414 206 42 advertising
521 417 49 39 for
585 417 87 39 their
688 418 109 38 future
822 420 101 36 work.
975 420 72 36 The
1065 420 72 36 best
1155 420 135 36 method

298 466 35 30 of
357 467 126 41 raising
501 479 121 30 money
638 481 80 28 was,
737 470 32 39 in
786 471 78 39 fact,
880 482 21 27 a
919 471 190 39 perplexing
1127 471 162 40 question.

300 518 141 32 Friends
459 521 171 39 generally
650 522 135 39 advised
801 522 66 38 free
891 526 150 34 concerts
1065 522 80 38 with
1172 522 115 38 collec¬

297 570 90 31 tions
406 575 33 26 at
456 572 57 30 the
531 572 99 31 close.
680 573 68 30 But
767 573 193 40 experience
977 574 81 39 with
1075 573 67 40 this
1160 574 78 39 plan
1257 573 33 40 in

298 622 156 31 America
470 634 69 19 was
557 628 57 26 not
633 628 33 27 at
684 624 43 30 all
746 625 234 39 encouraging.
1026 625 84 39 And,
1130 625 80 39 with
1228 636 60 29 one

299 684 36 19 or
361 677 66 27 two
454 675 204 39 exceptions,
688 675 33 39 in
747 675 56 39 the
831 676 62 38 few
918 687 94 27 cases
1038 677 108 37 where
1174 675 24 39 it
1223 687 68 27 was

299 724 95 39 tried,
412 725 57 38 the
487 726 177 37 collection
683 726 54 36 did
754 731 57 32 not
828 727 132 39 usually
975 726 88 40 yield
1086 726 91 40 them
1201 737 89 30 more

298 773 83 31 than
400 774 151 30 one-half
573 786 36 20 as
633 774 100 31 much
752 786 36 19 as
804 775 110 30 would
931 775 83 30 have
1038 775 81 30 been
1143 774 147 31 received

300 824 26 30 if
350 825 57 31 the
425 836 92 21 same
535 826 160 30 audience
713 826 66 30 had
796 826 75 39 paid
888 826 57 39 the
963 837 153 29 common
1134 826 88 39 price
1242 826 49 39 for

299 876 134 31 tickets.
483 878 71 30 One
573 877 34 30 of
621 877 93 30 these
732 877 192 40 exceptions
941 888 69 30 was
1028 888 18 30 a
1062 880 132 37 concert
1217 876 34 41 of
1272 888 18 30 a

301 927 228 40 semi-private
558 929 183 39 character,
766 929 144 39 planned
938 928 42 40 by
1008 929 58 39 Dr.
1090 928 108 40 Allon,
1227 928 63 40 and

300 979 98 39 given
423 980 33 39 in
480 979 53 39 his
560 980 118 39 chapel
699 984 33 36 at
755 980 176 39 Islington.
990 979 130 40 Special
1143 980 94 39 cards
1260 980 33 39 of

302 1031 178 30 invitation
497 1041 85 21 were
601 1035 73 27 sent
693 1035 68 33 out,
776 1042 41 27 on
834 1031 109 38 which
960 1030 56 39 the
1032 1031 136 38 mission
1186 1032 33 37 of
1233 1031 56 38 the

303 1082 137 39 Singers
465 1093 69 28 was
561 1082 183 39 explained,
763 1081 65 40 and
855 1081 57 40 the
939 1081 66 40 fact
1032 1082 108 39 stated
1169 1082 73 39 that
1272 1093 18 28 a

303 1133 225 31 contribution
545 1133 109 31 would
674 1133 39 31 be
737 1133 100 31 taken
861 1143 42 29 up
926 1133 48 39 for
996 1132 85 40 their
1101 1133 99 39 work.
1248 1134 44 39 Of

303 1184 68 30 this
398 1188 133 27 concert
558 1185 59 30 Dr.
636 1184 97 31 Allon
759 1188 100 27 wrote
883 1188 34 27 to
945 1185 81 30 Rev.
1046 1184 115 39 Henry
1185 1184 104 39 Ward

304 1235 168 31 Beecher:
501 1234 104 32 "The
632 1234 105 32 desire
765 1239 33 27 to
827 1234 80 32 hear
930 1234 92 32 them
1046 1245 67 21 was
1137 1245 35 21 so
1197 1239 92 35 great

303 1287 74 30 that
393 1287 93 30 three
504 1286 99 31 times
618 1286 56 31 the
692 1285 139 32 number
848 1285 34 32 of
906 1284 120 33 tickets
1052 1284 129 39 printed
1205 1295 84 29 were

303 1338 132 39 applied
461 1338 58 39 for.
567 1336 108 41 There
702 1347 69 30 was
796 1347 19 30 a
843 1339 93 38 great
966 1335 63 42 and
1061 1339 86 38 most
1173 1335 115 42 enthu¬

303 1389 113 30 siastic
435 1388 119 31 crowd.
600 1387 73 32 The
697 1386 174 33 collection
897 1386 165 40 produced
1086 1386 99 39 about
1209 1386 78 40 £80.

303 1440 97 31 Since
425 1439 80 32 then
529 1439 56 32 the
609 1438 138 33 interest
772 1437 33 33 in
828 1437 92 33 them
946 1437 60 34 has
1028 1437 81 34 been
1131 1437 156 39 growing,

303 1491 64 31 and
384 1491 81 40 they
480 1490 67 41 will
565 1489 162 42 certainly
744 1489 81 42 have
845 1499 19 32 a
885 1488 116 42 hearty
1023 1488 167 43 reception
1215 1498 74 33 now

301 1542 75 30 that
392 1542 79 39 they
490 1551 53 30 are
562 1540 101 41 about
679 1544 34 37 to
729 1539 77 42 visit
831 1539 56 42 the
909 1537 180 44 provincial
1112 1537 93 44 cities
1226 1538 63 43 and

302 1595 108 26 towns
442 1590 35 31 of
507 1590 58 31 the
596 1588 169 39 kingdom.
827 1586 102 42 Their
960 1596 99 31 songs
1090 1586 142 42 produce
1271 1596 18 32 a

303 1645 145 35 strange,
480 1639 101 41 weird
615 1638 105 42 effect.
768 1636 311 44 Notwithstanding
1107 1636 56 44 the
1196 1647 91 33 occa¬

303 1692 107 30 sional
438 1690 82 33 dash
549 1689 34 33 of
609 1699 100 30 negro
734 1688 192 41 familiarity
951 1687 63 42 and
1040 1687 192 42 quaintness
1259 1688 34 41 of

303 1742 202 40 expression,
524 1741 79 41 they
621 1750 54 32 are
700 1739 59 43 full
777 1739 33 43 of
825 1738 156 44 religious
999 1742 209 40 earnestness
1226 1737 63 45 and

302 1794 131 40 pathos,
467 1792 64 42 and
564 1802 61 32 one
655 1791 87 43 loses
773 1790 43 44 all
849 1800 95 34 sense
977 1788 34 45 of
1038 1788 112 45 oddity
1175 1788 33 45 in
1233 1788 55 46 the

301 1844 123 39 feeling
454 1843 34 40 of
516 1843 67 40 real
612 1842 65 42 and
704 1840 130 43 natural
866 1839 100 44 piety.
1016 1840 30 43 It
1070 1839 66 44 will
1162 1839 128 44 greatly

301 1896 77 39 help
408 1896 92 40 them
529 1894 73 42 that
628 1893 86 43 their
744 1892 225 44 performance
995 1890 28 45 is
1056 1890 80 45 such
1169 1900 36 36 as
1232 1889 56 47 the

301 1952 87 27 most
407 1945 175 34 fastidious
605 1944 66 35 will
694 1948 57 31 not
777 1942 142 37 hesitate
940 1946 34 33 to
1000 1941 153 38 welcome
1173 1941 32 39 in
1230 1951 59 28 our

301 1998 195 32 churches."
