1743 2413
776 247 51 30 229

303 312 72 34 best
393 313 49 35 for
460 325 64 34 any
543 318 126 43 people.
718 319 51 42 All
790 321 198 46 Missionary
1002 324 126 42 Boards
1146 337 53 30 are
1219 339 73 28 now

307 366 118 42 agreed
453 366 32 42 in
510 368 79 40 this.
637 372 74 36 And
733 384 48 24 we
807 385 53 24 are
878 376 150 44 potently
1044 378 105 42 called
1166 379 33 41 of
1222 381 72 39 God

309 421 34 30 to
369 423 77 30 note
471 432 60 24 our
549 423 63 43 day
629 426 64 41 and
718 429 33 38 to
777 426 144 45 improve
942 440 60 30 our
1026 437 131 36 present
1180 443 112 35 oppor¬

304 471 123 42 tunity.

353 522 66 33 For
435 525 93 33 three
554 527 148 34 hundred
719 541 95 31 years
831 532 56 40 the
904 533 148 42 cupidity
1069 535 34 40 of
1116 536 55 39 the
1191 537 100 39 domi¬

307 579 82 27 nant
415 585 93 23 races
533 578 61 32 has
619 581 95 31 made
732 582 109 32 Africa
862 583 57 33 the
937 585 285 42 hunting-ground
1245 589 48 38 for

309 625 55 31 the
382 627 167 33 bondmen
568 630 34 30 of
622 632 57 30 the
696 634 112 31 world.
855 636 72 31 And
944 636 49 30 for
1010 639 112 40 nearly
1140 650 36 29 as
1194 650 99 30 many

309 687 108 30 years,
443 680 150 39 devoted,
621 684 219 42 self-denying
864 697 74 29 men
973 689 63 37 and
1061 700 126 26 women
1214 691 81 35 have

314 728 81 31 been
420 731 112 41 trying
556 737 33 35 to
615 736 188 39 evangelise
827 738 73 37 that
929 739 180 36 continent.
1158 742 66 33 But
1241 743 55 32 the

306 789 134 23 success
458 782 60 31 has
543 783 81 32 been
649 796 77 30 very
744 788 129 38 partial.
922 789 70 37 The
1011 792 155 33 accursed
1190 793 104 33 slave-

305 831 93 30 trade
422 833 65 30 and
520 834 94 30 other
651 837 100 31 white
786 838 90 30 vices
914 840 82 30 have
1036 843 201 31 constituted
1275 855 18 19 a

306 882 132 31 terrible
457 895 118 30 enemy
594 887 131 39 against
751 888 102 38 them.
901 890 93 41 They
1013 892 81 39 have
1112 894 99 37 toiled
1233 895 62 36 and

306 933 141 31 suffered
471 939 35 27 to
531 937 98 30 reach
653 939 56 30 the
735 945 139 35 country
896 941 57 39 but
978 946 33 33 to
1035 943 114 36 labour
1167 955 18 24 a
1209 945 84 34 little

306 984 96 30 while
431 985 31 31 in
493 986 299 42 discouragement,
822 991 62 37 and
911 992 77 36 then
1014 997 33 31 to
1074 993 39 35 lie
1143 994 93 34 down
1260 996 31 33 in

306 1035 111 31 death.
477 1038 68 30 But
579 1038 83 31 from
696 1040 57 30 the
792 1041 156 32 Western
987 1043 179 32 Continent
1205 1047 90 30 there

306 1096 111 21 comes
447 1088 83 39 light
560 1089 32 38 in
621 1091 196 36 connection
852 1092 78 36 with
969 1093 55 34 the
1065 1095 228 40 emancipated

306 1138 65 30 and
396 1137 162 33 educated
584 1140 108 31 slaves
717 1143 33 29 of
771 1143 73 31 that
873 1148 148 36 country.

351 1190 108 30 Races
485 1190 34 30 of
543 1202 75 19 men
645 1192 82 30 have
753 1193 88 30 their
875 1194 121 39 epochs
1023 1206 35 27 as
1081 1197 72 36 well
1179 1207 35 27 as
1239 1197 55 36 the

306 1240 176 39 organised
506 1242 143 38 nations,
670 1243 63 36 and
753 1243 138 36 Africa's
918 1245 81 34 hour
1025 1257 105 23 seems
1155 1251 34 28 to
1212 1248 81 32 have

306 1302 103 21 come.
459 1292 71 31 The
555 1293 258 40 faith-begotten
832 1296 228 39 expectations
1077 1297 34 37 of
1132 1298 57 36 her
1206 1299 88 35 sable

306 1342 148 31 children
480 1343 33 30 in
531 1344 152 30 America
701 1356 54 20 are
772 1346 97 39 being
886 1347 150 38 realised,
1050 1348 63 36 and
1130 1349 72 36 that
1220 1350 77 40 long

305 1393 182 40 plundered
516 1395 316 39 mother-continent
865 1397 27 36 is
915 1408 73 25 now
1016 1399 141 39 opening
1184 1410 42 29 up
1248 1400 48 39 for

306 1455 18 19 a
349 1445 107 30 better
474 1445 53 30 life
558 1446 64 30 and
648 1457 18 19 a
691 1446 114 30 nobler
822 1447 141 40 destiny.
1009 1448 72 39 The
1098 1449 195 38 discoveries

305 1495 34 30 of
355 1496 58 29 Dr.
436 1495 218 40 Livingstone
673 1497 63 38 and
755 1497 95 39 other
867 1497 240 39 distinguished
1125 1500 170 36 travellers

306 1546 84 31 have
414 1547 117 30 turned
557 1548 57 30 the
631 1548 142 39 thought
792 1548 63 39 and
873 1548 55 39 the
946 1549 93 38 heart
1058 1549 33 38 of
1110 1550 183 37 thousands

306 1595 35 30 of
369 1596 57 30 the
450 1596 73 30 best
551 1596 189 31 Christians
776 1597 62 30 and
871 1596 275 40 philanthropists
1178 1599 33 37 of
1238 1599 56 37 the

305 1646 102 31 world
427 1647 144 30 towards
589 1647 120 30 Africa.
759 1647 66 30 But
842 1647 66 30 will
925 1647 66 30 this
1014 1648 39 30 be
1077 1653 191 33 permanent
1281 1650 11 37 ?

306 1698 66 31 We
396 1696 96 33 think
518 1696 24 33 it
568 1697 77 32 will.
698 1698 20 30 "
735 1698 30 31 If
785 1707 46 27 so,
855 1698 90 36 then,
965 1698 103 36 under
1093 1699 55 36 the
1174 1700 119 35 Divine

306 1747 156 40 blessing,
484 1748 128 39 slavery
631 1749 63 39 and
720 1749 54 39 the
801 1749 210 39 slave-trade
1037 1749 30 39 in
1086 1749 109 38 Africa
1219 1761 75 30 may

306 1799 149 40 speedily
471 1799 39 40 be
536 1798 168 41 abolished
882 1800 98 39 From
999 1800 90 39 what
1113 1800 28 39 is
1158 1800 135 40 passing

306 1850 31 30 in
369 1849 55 31 the
447 1854 93 35 great
559 1850 108 40 valley
685 1849 33 41 of
739 1850 54 40 the
821 1850 74 40 Nile
921 1851 23 39 it
969 1850 27 40 is
1022 1851 86 39 clear
1131 1851 72 39 that
1230 1862 60 28 one

306 1901 35 30 of
367 1905 66 26 two
461 1905 93 36 great
577 1900 113 40 things
713 1901 66 39 will
805 1901 126 40 shortly
947 1901 78 40 take
1049 1901 114 40 place:
1189 1902 105 39 either

306 1953 130 40 slavery
477 1951 66 42 will
583 1952 37 41 be
658 1951 169 42 abolished
868 1951 30 42 in
939 1952 54 41 the
1035 1951 256 42 Mohammedan

305 2002 177 39 countries,
510 2003 64 38 and
598 2003 81 38 with
710 2002 24 39 it
762 2002 56 39 the
845 2002 198 39 slave-trade
1067 2001 32 39 in
1116 2002 121 39 Africa,
1256 2013 36 27 or

304 2052 56 33 the
379 2052 102 35 world
499 2056 87 31 must
605 2052 136 36 witness
767 2061 18 26 a
810 2061 71 26 new
899 2051 232 36 slave-market
1150 2052 33 36 of
1197 2062 89 25 enor-
