1725 2400
657 312 161 35 JENNIE
837 313 197 35 JACKSON.

348 395 83 31 from
460 397 186 32 Nashville.
694 399 66 31 She
791 400 120 39 taught
940 400 118 41 during
1088 401 57 40 the
1176 402 68 39 fall,
1275 403 64 38 and

347 452 88 27 went
453 447 98 33 home
567 453 34 27 to
619 451 103 39 spend
739 451 56 39 the
815 452 187 38 Christmas
1015 453 322 42 vacation—always

348 509 19 20 a
383 498 81 32 time
482 500 34 31 of
537 500 146 42 hilarity,
702 502 64 39 and
783 503 89 39 often
894 504 35 37 of
951 504 156 38 disorder,
1125 505 33 37 in
1175 504 74 38 that
1266 510 72 35 part

347 550 35 30 of
402 551 57 31 the
483 557 150 36 country.
682 554 187 41 Returning
890 555 57 39 the
969 556 71 39 first
1065 556 145 41 Monday
1230 557 35 40 of
1283 558 55 39 the

347 602 85 31 New
455 604 97 38 Year,
579 605 59 37 she
661 605 101 37 found
786 606 141 40 nothing
951 607 58 39 but
1033 618 19 28 a
1077 607 84 40 heap
1186 607 33 40 of
1241 608 97 39 ashes

345 654 109 30 where
471 654 59 30 her
547 655 234 32 school-house
802 657 65 31 had
891 658 105 30 stood.
1047 659 30 30 It
1094 669 68 20 was
1179 660 159 40 probably

345 704 209 33 burned—as
576 707 57 30 the
657 708 120 30 easiest
801 708 135 30 method
954 709 34 30 of
1009 709 129 40 getting
1156 710 48 39 rid
1227 711 34 39 of
1281 711 56 39 the

345 756 203 42 school—by
566 768 91 30 some
683 759 34 39 of
736 759 96 39 those
856 759 75 39 who
955 771 85 27 were
1065 771 36 27 so
1126 761 135 41 bitterly
1282 772 54 30 op¬

345 809 102 39 posed
468 813 34 35 to
525 810 111 38 efforts
660 810 49 37 for
732 810 56 38 the
822 811 164 36 elevation
1011 812 34 36 of
1074 811 56 36 the
1155 812 179 36 freedmen.

347 860 71 30 Her
434 864 78 27 next
529 861 114 30 school
657 872 68 20 was
741 861 117 31 twelve
877 862 96 30 miles
990 863 98 30 south
1104 862 33 31 of
1151 863 183 32 Nashville.

347 912 89 30 Here
456 912 58 30 she
532 912 120 39 taught
670 912 33 39 in
721 924 18 28 a
756 913 105 39 rough
878 913 54 39 log
948 913 159 39 building.
1157 914 30 39 It
1205 914 65 39 had
1292 925 42 27 no

344 963 141 30 window
507 968 116 35 except
641 974 18 29 a
676 963 75 39 hole
772 964 32 39 in
825 975 60 28 one
909 964 80 39 side,
1008 965 111 38 closed
1140 964 42 41 by
1199 975 18 30 a
1233 966 100 39 board

345 1014 141 38 shutter,
506 1015 64 36 and
592 1015 56 36 the
672 1019 88 33 seats
776 1026 84 26 were
883 1016 72 39 logs
977 1016 77 39 split
1074 1016 33 39 in
1129 1016 114 39 halves
1269 1017 63 39 and

345 1069 49 27 set
411 1076 42 20 on
471 1065 113 30 sticks.

387 1116 112 32 When
525 1118 61 30 Mr.
606 1116 115 32 White
744 1117 135 31 decided
903 1122 33 27 to
961 1128 136 30 prepare
1121 1118 51 40 his
1197 1119 133 39 student

344 1167 93 31 choir
453 1172 34 27 to
509 1167 74 39 give
599 1167 56 39 the
673 1173 135 34 cantata
825 1169 34 38 of
880 1170 20 36 "
909 1168 156 39 Esther,"
1089 1169 160 40 Maggie's
1266 1170 63 39 fine

342 1218 92 31 voice
467 1219 135 30 marked
634 1218 58 31 her
720 1219 48 30 for
798 1219 57 30 the
886 1224 73 36 part
987 1219 34 40 of
1053 1220 113 39 Queen
1195 1220 133 39 Esther,

342 1270 108 30 which
482 1270 58 30 she
573 1270 158 30 rendered
758 1270 81 30 with
867 1281 19 20 a
909 1281 132 20 success
1065 1270 72 30 that
1164 1270 165 39 surprised

342 1321 66 32 and
439 1321 168 39 delighted
640 1332 96 29 every
768 1332 72 29 one.
888 1321 66 39 She
981 1321 60 39 has
1068 1321 123 39 missed
1215 1321 115 40 taking

341 1372 58 30 her
423 1377 72 36 part
513 1372 33 40 in
562 1372 58 40 but
639 1373 60 39 few
721 1372 34 40 of
775 1372 57 40 the
857 1376 150 36 concerts
1028 1372 73 40 that
1119 1372 56 40 the
1198 1373 129 40 Jubilee

341 1424 135 39 Singers
505 1423 83 39 have
616 1423 96 39 given
739 1423 89 39 since
852 1423 87 39 their
966 1423 71 39 first
1064 1434 204 30 appearance
1294 1423 32 40 in

340 1476 191 31 Cincinnati
549 1475 122 32 almost
688 1475 72 32 four
776 1485 96 30 years
889 1485 72 30 ago.

381 1578 72 31 The
470 1578 216 41 grandfather
703 1578 33 41 of
748 1578 135 41 Jennie
904 1578 154 42 Jackson
1076 1587 68 32 was
1161 1576 55 43 the
1235 1577 89 42 slave

339 1631 63 30 and
447 1630 237 39 body-servant
732 1629 33 41 of
810 1629 141 41 General
991 1628 141 42 Andrew
1166 1628 156 42 Jackson,

339 1681 175 30 President
538 1680 34 31 of
593 1680 57 31 the
677 1679 123 33 United
819 1680 122 31 States.
990 1680 52 32 He
1060 1679 64 33 and
1141 1679 50 33 his
1208 1679 115 40 family

336 1743 85 20 were
440 1736 49 27 set
507 1731 65 32 free
590 1731 33 32 in
642 1731 141 32 General
807 1730 175 42 Jackson's
1004 1730 76 42 will.
1129 1731 70 41 Her
1215 1730 108 42 father

337 1784 73 30 died
428 1783 108 31 before
554 1782 57 32 her
627 1781 220 33 recollection.
889 1782 71 32 Her
977 1782 129 33 mother
1122 1782 65 33 had
1205 1782 81 33 been
1305 1792 18 22 a

336 1836 102 36 slave,
456 1835 57 37 but
543 1834 58 38 her
628 1833 150 39 mistress
804 1837 33 35 at
864 1833 59 39 her
950 1833 100 39 death
1076 1843 82 29 gave
1182 1833 59 39 her
1263 1833 58 39 her

333 1887 146 30 freedom
503 1886 65 31 and
592 1896 91 21 some
706 1885 85 32 little
815 1888 165 36 property.
1027 1884 84 41 This
1127 1893 68 31 was
1212 1884 107 41 before

333 1937 148 43 Jennie's
498 1936 98 44 birth,
616 1947 35 33 so
669 1936 73 44 that
760 1935 58 45 she
834 1946 69 34 was
919 1935 174 45 free-born.

376 1990 68 29 But
472 1988 232 41 emancipated
732 1988 108 41 slaves
867 1996 85 33 were
978 1986 117 43 looked
1124 1996 87 33 upon
1242 1989 80 40 with

909 2384 2 15 i
