1725 2400
616 309 120 27 HARD
756 311 137 26 TIMES.

1218 312 30 26 81

249 391 44 33 its
310 393 103 31 needs
436 405 86 21 were
543 399 132 36 greater
698 396 81 39 than
798 407 86 28 ever.
933 397 49 38 Its
1000 407 72 28 new
1091 396 72 39 site,
1183 397 66 38 and

249 444 58 30 the
326 455 73 21 new
424 445 70 31 hall
513 447 159 41 standing
692 458 88 30 upon
806 448 36 40 it,
860 459 69 30 was
950 447 121 41 simply
1088 447 57 41 the
1167 447 84 41 solid

249 495 198 33 foundation
478 498 51 31 for
555 498 111 33 future
696 501 141 39 growth,
858 500 64 39 and
948 499 24 40 it
1005 510 68 30 was
1107 499 142 41 entirely

249 545 144 32 without
421 546 57 30 the
504 558 128 28 means,
650 549 117 37 within
798 549 99 36 itself,
926 549 35 36 of
984 549 205 41 supporting,
1215 552 35 37 to

251 605 61 30 say
343 597 143 40 nothing
523 597 36 39 of
594 598 183 41 enlarging,
803 599 44 40 its
877 599 101 40 work.
1028 600 123 39 Money
1181 609 69 30 was

250 648 156 39 urgently
423 648 126 39 needed
573 649 51 38 for
642 650 229 37 endowments
894 650 84 37 from
995 650 108 37 which
1120 655 34 32 to
1179 660 71 30 pro¬

249 698 75 30 vide
342 698 50 31 for
412 699 58 31 the
496 705 139 35 support
659 701 35 39 of
714 701 153 39 teachers
891 702 64 38 and
972 706 34 33 to
1031 702 52 38 aid
1106 705 142 34 earnest,

251 747 189 40 struggling
458 749 155 39 students
631 753 33 34 to
683 750 139 38 educate
845 750 204 37 themselves
1073 750 49 37 for
1140 750 109 37 Chris¬

249 800 72 30 tian
337 800 90 31 work
455 810 36 21 as
507 800 154 31 teachers
688 801 65 30 and
780 801 169 31 ministers
972 801 34 30 of
1031 801 57 30 the
1111 801 135 39 Gospel.

254 851 39 30 In
310 850 57 31 the
385 855 140 37 poverty
552 852 35 41 of
608 852 57 41 the
687 852 90 41 freed
799 853 117 39 people
933 852 57 40 the
1008 862 141 30 revenue
1166 852 84 40 from

252 903 123 31 tuition
393 903 69 31 fees
479 903 98 31 could
594 903 39 31 be
651 903 60 32 but
729 915 19 21 a
760 904 86 31 trifle
864 909 34 27 at
910 904 57 31 the
980 904 83 38 best,
1077 904 175 40 compared

252 954 82 31 with
351 954 43 30 its
414 965 177 30 expenses.

294 1005 75 31 The
399 1006 173 31 continual
599 1008 159 31 financial
789 1018 152 30 pressure
973 1008 33 40 in
1039 1008 57 40 the
1122 1008 125 40 United

255 1059 114 30 States
386 1059 123 30 caused
535 1069 19 21 a
576 1059 126 31 serious
724 1060 177 39 shrinkage
923 1060 33 39 in
980 1060 57 39 the
1060 1060 141 39 receipts
1220 1059 34 40 of

253 1110 57 31 the
339 1110 177 31 American
545 1110 201 41 Missionary
777 1111 222 40 Association.
1048 1111 102 40 Many
1173 1111 74 40 who

253 1173 85 20 were
367 1166 90 27 wont
489 1166 34 27 to
552 1161 75 40 give
657 1162 151 40 liberally
835 1167 34 36 to
896 1163 82 39 such
1011 1162 126 40 objects
1164 1173 84 30 were

253 1213 122 31 unable
399 1218 35 27 to
463 1213 40 31 do
529 1223 36 21 so
591 1214 128 39 longer.
768 1213 114 40 Urged
910 1214 42 40 by
975 1213 94 41 these
1101 1213 152 41 pressing

253 1263 204 38 necessities,
477 1264 65 37 and
570 1264 182 37 convinced
777 1264 75 37 that
872 1265 73 36 God
963 1264 135 40 pointed
1116 1268 57 36 out
1190 1264 57 40 the

253 1326 74 29 way
345 1316 42 40 by
408 1315 65 41 His
489 1315 229 41 providences,
736 1314 57 42 the
810 1315 129 41 Jubilee
963 1315 147 41 Singers,
1129 1316 83 40 after
1233 1326 20 30 a

253 1367 63 30 few
337 1367 136 30 months
491 1367 35 30 of
549 1371 78 34 rest,
642 1366 97 41 again
753 1367 78 40 took
846 1367 57 40 the
921 1367 87 40 field.
1032 1367 62 40 Mr.
1107 1366 144 41 White's

253 1419 115 30 health
396 1429 69 20 was
491 1418 68 31 still
588 1428 36 21 so
654 1418 163 40 seriously
846 1418 162 40 impaired
1036 1418 73 40 that
1131 1417 24 41 it
1180 1428 69 30 was

254 1470 194 39 impossible
480 1469 49 40 for
554 1469 70 40 him
651 1473 34 36 to
715 1469 183 40 undertake
935 1468 82 41 such
1050 1468 200 41 exhausting

252 1521 91 30 work
361 1531 37 21 as
425 1531 70 21 was
522 1521 155 31 involved
695 1520 33 32 in
744 1520 57 32 the
819 1519 103 33 entire
941 1530 74 22 care
1033 1519 34 33 of
1081 1530 19 22 a
1117 1523 133 29 concert

256 1572 189 40 campaign,
474 1572 64 40 and
564 1572 86 41 Prof.
678 1571 40 42 T.
747 1572 38 41 F.
813 1571 145 42 Seward,
989 1571 33 42 of
1044 1570 82 42 New
1148 1569 99 43 York,

255 1623 57 30 the
329 1623 213 30 well-known
566 1632 185 30 composer,
769 1621 74 40 who
867 1621 71 40 first
954 1624 102 37 wrote
1081 1621 95 40 down
1192 1620 57 42 the

255 1674 129 42 Jubilee
404 1674 120 42 Songs,
546 1672 64 44 and
629 1672 65 44 had
711 1672 81 44 been
811 1671 117 45 deeply
946 1671 180 45 interested
1143 1671 32 45 in
1193 1670 55 46 the

255 1725 102 36 work,
376 1735 69 26 was
462 1723 204 40 fortunately
685 1724 135 39 secured
838 1727 34 36 to
891 1722 95 42 share
1005 1722 55 42 the
1077 1722 126 42 labour.

300 1777 28 30 A
342 1776 102 31 series
456 1775 34 32 of
499 1779 151 28 concerts
663 1785 68 22 was
744 1774 96 39 given
855 1773 118 41 during
986 1773 56 41 the
1053 1773 117 41 winter
1184 1772 65 42 and

256 1827 115 40 spring
393 1827 33 41 in
444 1826 57 42 the
525 1826 108 42 larger
656 1825 94 42 cities
768 1824 35 43 of
822 1824 57 44 the
897 1824 120 44 North,
1036 1823 212 45 preliminary

255 1883 35 27 to
315 1878 141 32 another
479 1881 75 29 tour
579 1876 132 33 abroad.
759 1876 99 33 Some
885 1875 34 34 of
945 1875 93 35 them
1062 1884 85 25 were
1170 1884 78 29 very

255 1929 196 37 successful,
471 1928 58 38 but
546 1927 57 39 the
629 1932 55 34 net
702 1926 141 39 receipts
861 1926 33 39 of
915 1926 57 40 the
995 1925 146 41 winter's
1158 1924 90 42 work

254 1991 86 22 were
373 1984 59 29 not
465 1980 100 40 large.
613 1978 72 42 The
728 1978 168 42 "times"
926 1986 85 34 were
1054 1975 102 45 hard;
1190 1974 57 45 the

746 2023 18 31 7
