1725 2400
494 378 29 24 28

746 371 82 26 THE
848 368 179 35 JUBILEE
1047 366 183 37 SINGERS.

495 462 85 26 most
607 457 34 30 of
665 456 24 31 it
717 456 33 31 in
778 466 19 21 a
824 454 120 33 bundle
976 452 64 36 and
1071 453 51 37 lay
1154 450 24 39 it
1212 460 42 30 on
1287 449 56 41 the
1376 447 102 42 porch

494 508 95 30 while
614 507 78 39 they
718 507 83 39 slept
827 502 153 44 wrapped
1013 502 32 44 in
1077 501 87 45 their
1193 498 228 48 waterproofs,
1451 496 27 50 is

495 563 55 25 not
568 558 130 30 known.

539 609 116 29 Mount
687 606 132 31 Vernon
851 615 68 23 was
945 602 87 36 their
1060 605 76 33 next
1164 600 104 40 point,
1287 599 109 42 where
1422 597 57 43 the

498 659 79 29 Rev.
589 657 39 31 T.
645 657 40 30 E.
702 657 147 34 Monroe,
861 654 74 36 who
953 654 65 37 had
1036 657 66 33 met
1120 651 91 39 them
1230 655 33 36 at
1284 650 195 41 Columbus,

495 707 177 32 welcomed
696 707 91 32 them
816 705 142 39 heartily
981 708 34 36 to
1041 704 51 39 his
1116 702 125 41 church
1266 712 42 31 on
1333 700 148 43 Sunday,

498 759 62 30 and
578 758 94 31 aided
688 762 34 27 to
741 756 95 33 make
852 756 87 33 their
955 759 132 30 concert
1110 764 42 25 on
1176 753 146 38 Monday
1339 750 144 41 evening

498 820 18 19 a
544 808 133 31 decided
704 817 143 22 success.
895 807 90 32 Here
1011 806 77 33 Ella
1113 804 183 39 Sheppard,
1315 802 73 41 who
1415 801 66 42 had

498 861 81 30 been
603 858 48 32 for
678 869 90 21 some
799 858 80 33 time
904 857 32 33 in
961 867 80 29 poor
1064 855 124 40 health,
1218 855 137 40 became
1384 863 36 33 so
1446 851 36 45 ill

499 910 72 30 that
588 910 56 30 the
661 908 171 40 physician
852 907 132 41 advised
1002 907 73 41 that
1093 906 57 42 she
1168 909 112 39 return
1299 908 33 40 at
1350 913 81 35 once
1449 906 34 42 to

501 960 180 31 Nashville.
730 960 67 30 But
828 959 61 32 Mr.
909 957 114 33 White
1053 957 96 33 could
1178 960 57 30 not
1263 956 38 35 be
1329 954 96 37 made
1450 957 34 33 to

501 1011 121 30 believe
650 1010 73 31 that
750 1010 57 31 the
834 1008 87 33 Lord
948 1008 132 33 wanted
1107 1008 57 33 the
1191 1015 165 30 company
1383 1008 34 36 to
1443 1014 41 31 go

501 1065 70 26 east
597 1060 140 31 without
765 1059 86 32 their
878 1058 135 40 pianist,
1047 1058 65 40 and
1140 1056 149 42 declined
1314 1059 34 39 to
1377 1055 109 43 follow

502 1111 66 30 this
608 1110 123 30 advice.
778 1110 73 31 And
882 1109 33 32 in
949 1119 19 22 a
999 1108 63 33 few
1092 1108 81 39 days
1214 1107 58 40 she
1312 1104 173 42 recovered

504 1161 197 39 sufficiently
718 1164 33 35 to
769 1169 129 30 resume
916 1159 59 40 her
992 1158 101 41 work.

547 1211 137 39 Feeling
707 1211 86 39 their
816 1221 72 30 way
911 1214 33 36 to
969 1209 55 42 the
1050 1209 71 41 best
1146 1207 135 43 method
1305 1207 34 43 of
1362 1206 124 45 raising

504 1271 129 29 money,
651 1260 56 39 the
734 1259 203 41 experiment
963 1269 69 31 was
1059 1257 85 42 tried
1172 1257 109 42 again,
1311 1260 33 39 at
1373 1257 111 43 Mans¬

505 1311 86 36 field,
609 1310 34 38 of
665 1321 18 27 a
699 1310 64 38 free
782 1314 131 34 concert
930 1309 80 39 with
1028 1320 18 28 a
1064 1308 174 39 collection
1262 1312 33 36 at
1320 1307 42 41 its
1386 1307 99 41 close.

507 1363 67 29 But
597 1361 57 31 the
684 1362 102 30 result
811 1371 68 21 was
903 1360 56 32 the
984 1370 91 22 same
1100 1369 36 23 as
1161 1359 120 33 almost
1305 1357 184 39 invariably

507 1412 155 30 attended
699 1412 68 30 this
806 1411 172 39 expedient
1022 1410 109 40 before
1181 1410 64 41 and
1298 1408 189 42 since—the

507 1463 102 30 house
626 1473 67 20 was
710 1463 69 36 full,
798 1462 56 37 the
873 1461 344 38 contribution-boxes
1233 1460 113 39 nearly
1365 1463 124 36 empty.

509 1515 50 30 On
591 1515 56 30 the
678 1519 76 26 next
779 1512 94 40 night
897 1524 42 29 an
964 1512 248 41 admission-fee
1240 1521 68 31 was
1336 1509 153 44 charged,

508 1566 57 30 but
582 1566 55 30 the
656 1566 157 30 audience
831 1575 69 21 was
917 1564 108 32 small.
1058 1564 99 32 Some
1175 1560 192 41 thoughtful
1386 1559 105 42 friend

508 1627 68 20 was
598 1617 127 35 moved,
753 1617 160 36 however,
940 1619 34 33 to
1002 1624 140 30 propose
1167 1624 19 30 a
1212 1612 187 42 collection,
1426 1610 65 44 and

510 1668 24 30 it
571 1668 137 30 enabled
742 1668 62 30 Mr.
837 1666 115 32 White
984 1669 34 29 to
1049 1676 65 29 pay
1140 1665 43 40 all
1208 1665 75 40 bills
1320 1663 64 42 and
1427 1662 65 42 buy

510 1719 119 30 tickets
654 1722 33 26 to
714 1719 122 35 Akron,
855 1718 108 36 where
988 1716 80 39 they
1095 1716 64 40 had
1188 1725 42 30 an
1260 1714 231 42 appointment

510 1768 48 30 for
582 1779 18 18 a
621 1773 131 25 concert
771 1778 41 20 on
830 1767 55 30 the
904 1767 141 39 evening
1068 1767 35 39 of
1125 1765 257 40 Thanksgiving
1406 1766 84 39 Day.

512 1818 81 30 This
618 1817 128 39 yielded
774 1817 76 39 only
875 1815 74 42 $20,
978 1816 58 40 but
1060 1816 57 40 the
1143 1816 245 40 consideration
1413 1815 80 42 with

513 1869 106 30 which
636 1868 78 39 they
738 1877 82 30 were
845 1866 127 40 treated
997 1870 33 36 at
1055 1865 183 42 the-hotel,
1257 1867 66 39 and
1348 1867 56 39 the
1430 1866 63 40 fine

513 1917 252 39 Thanksgiving
788 1917 114 40 dinner
925 1915 108 42 which
1066 1926 69 31 was
1169 1920 50 37 set
1251 1917 109 40 before
1389 1917 103 39 them,

515 1970 93 30 made
625 1968 86 31 their
735 1966 173 33 memories
931 1965 35 35 of
987 1965 111 34 Akron
1120 1975 79 29 very
1227 1967 153 37 pleasant
1403 1978 91 26 ones.

515 2020 41 30 At
584 2018 187 38 Meadville,
790 2015 252 42 Pennsylvania,
1061 2015 85 42 their
1174 2016 148 41 Sabbath
1350 2019 144 38 services
