1725 2400
437 348 34 25 94

689 339 84 26 THE
792 336 180 36 JUBILEE
990 333 183 39 SINGERS.

438 434 78 20 scan
540 423 56 30 the
618 431 195 31 passengers
831 419 74 43 who
922 421 56 41 got
996 416 45 46 off
1061 416 56 46 the
1141 414 118 48 trains,
1278 417 33 45 to
1329 423 52 39 see
1400 412 25 50 if

438 475 90 29 there
546 485 67 19 was
642 484 64 27 any
723 482 60 30 one
810 478 120 33 among
954 468 93 43 them
1067 465 73 46 who
1169 463 171 48 answered
1365 462 60 49 her

438 522 155 29 mother's
612 519 198 39 description
836 517 33 41 of
890 517 58 41 her
972 514 139 44 missing
1136 513 107 45 sister.
1291 512 67 46 But
1382 520 42 38 no

438 572 81 30 such
537 582 117 29 person
672 580 74 30 ever
763 567 172 43 appeared.

484 623 70 29 One
586 622 73 39 day,
683 621 96 40 when
813 618 132 42 Maggie
976 627 69 34 was
1080 617 95 44 alone
1206 619 33 42 at
1273 614 107 47 home,
1407 623 18 38 a

438 682 129 20 woman
594 681 93 21 came
707 675 34 27 to
759 670 56 32 the
834 671 80 31 door
938 668 168 39 inquiring
1129 667 49 40 for
1201 666 58 41 her
1283 665 141 42 mother,

438 723 75 31 who
528 733 69 21 was
619 726 57 28 out
693 726 33 28 at
742 721 101 33 work.
891 720 132 40 Maggie
1046 720 65 40 had
1136 718 81 42 been
1242 715 184 45 instructed

439 780 33 26 to
501 774 45 31 let
573 785 42 21 no
643 777 168 35 strangers
839 772 32 40 in
895 771 96 41 when
1020 771 57 42 she
1104 780 69 32 was
1200 769 78 43 thus
1307 768 57 45 left
1392 766 33 46 in

441 827 120 38 charge
588 825 34 40 of
650 825 56 40 the
738 824 114 41 house,
879 822 63 42 and
975 822 55 42 the
1056 821 116 44 visitor
1199 831 66 34 was
1296 818 129 47 refused

441 877 213 30 admittance.
702 875 112 33 When
833 875 57 33 she
908 878 32 30 at
958 873 63 34 last
1040 871 151 36 declared
1209 871 58 36 she
1284 881 68 27 was
1368 870 59 38 her

441 929 96 30 sister
562 928 83 30 from
677 925 210 40 Mississippi,
919 924 132 42 Maggie
1078 923 110 42 would
1216 926 57 39 not
1300 921 126 44 believe

441 980 68 30 her.
555 978 74 31 And
653 989 80 21 even
757 977 58 33 her
835 976 140 37 mother,
992 975 94 39 when
1111 974 58 39 she
1194 978 67 36 met
1286 972 68 41 her,
1373 971 54 42 did

444 1035 56 26 not
532 1029 169 39 recognise
733 1028 68 40 her,
832 1028 57 40 she
921 1026 66 42 had
1019 1025 151 43 changed
1203 1035 35 33 so
1266 1023 99 45 much
1395 1022 33 46 in

442 1083 93 30 these
561 1091 95 30 years
682 1080 33 42 of
738 1079 149 42 absence.
936 1078 30 43 It
990 1087 68 34 was
1085 1075 81 46 such
1188 1086 18 36 a
1226 1073 201 48 disappoint¬

444 1136 90 27 ment
551 1137 33 26 to
602 1131 56 31 the
681 1131 96 32 sister
799 1129 73 33 that
896 1128 57 35 she
976 1138 80 24 soon
1079 1126 154 36 returned
1249 1130 34 33 to
1302 1124 126 39 Missis¬

444 1183 94 40 sippi,
554 1184 63 39 and
635 1182 24 41 it
675 1193 69 30 was
762 1191 90 32 some
869 1180 80 43 time
966 1179 108 44 before
1093 1179 57 45 she
1168 1178 96 45 could
1280 1181 54 42 get
1353 1187 76 36 over

443 1236 56 29 the
517 1235 78 30 chill
613 1233 34 32 of
667 1233 67 32 this
752 1231 167 41 reception
941 1230 130 42 enough
1089 1234 33 38 to
1140 1239 92 33 come
1251 1228 64 44 and
1332 1227 95 45 make

444 1287 58 30 her
518 1286 96 30 home
631 1284 79 32 with
728 1284 58 33 her
802 1283 139 33 mother.

486 1337 92 30 After
605 1336 56 30 the
687 1344 68 22 war
786 1335 58 32 her
873 1333 108 33 father
1006 1343 69 24 was
1108 1331 182 41 persuaded
1317 1334 33 38 to
1378 1334 51 38 try

444 1388 52 30 his
519 1388 147 30 fortunes
689 1385 81 33 with
794 1396 19 22 a
837 1395 163 29 company
1023 1383 35 40 of
1080 1383 168 40 freedmen
1272 1382 101 42 going
1395 1385 35 39 to

445 1438 142 35 Liberia.
636 1438 99 35 From
759 1436 56 37 the
834 1436 63 39 day
913 1435 40 39 he
978 1434 67 40 left,
1065 1445 41 30 no
1123 1434 88 41 word
1237 1443 75 32 ever
1335 1442 93 33 came

444 1490 83 30 back
553 1490 83 30 from
667 1488 79 32 him.
795 1488 51 33 On
878 1486 55 34 the
957 1486 70 34 first
1053 1485 76 35 visit
1155 1485 34 36 of
1212 1485 57 36 the
1294 1484 135 39 Singers

444 1547 33 26 to
504 1542 101 31 Great
631 1540 141 36 Britain,
801 1537 132 40 Maggie
966 1536 153 41 obtained
1151 1536 56 42 the
1235 1535 135 42 address
1399 1534 36 43 of

444 1593 137 31 officials
606 1591 33 33 in
665 1590 132 33 Liberia
817 1590 74 34 who
912 1588 108 36 would
1044 1588 39 36 be
1108 1591 86 33 most
1219 1587 99 40 likely
1334 1590 33 36 to
1392 1587 39 40 be

444 1644 72 30 able
548 1647 34 27 to
609 1642 68 32 find
708 1652 91 22 some
831 1641 73 33 clue
928 1644 34 30 to
987 1639 52 35 his
1062 1639 78 39 fate,
1157 1638 59 39 but
1239 1638 80 40 they
1335 1638 96 41 could

445 1695 90 30 learn
560 1693 141 39 nothing
725 1693 100 39 about
853 1692 80 41 him.

489 1746 65 30 For
570 1749 64 26 two
651 1754 96 29 years
765 1743 132 40 Maggie
915 1753 69 30 was
1006 1746 154 37 constant
1178 1741 33 42 in
1229 1742 58 41 her
1304 1740 127 42 attend¬

447 1806 80 21 ance
555 1800 33 28 at
618 1794 89 33 Fisk.
754 1793 95 35 Then
879 1793 94 35 when
1004 1803 18 24 a
1050 1794 63 34 call
1146 1803 93 24 came
1266 1792 81 36 from
1377 1792 56 36 the

447 1846 109 31 Board
576 1845 33 32 of
632 1844 186 33 Education
835 1844 48 33 for
898 1844 151 33 teachers
1066 1843 48 34 for
1132 1848 139 35 country
1289 1844 142 39 schools,

448 1896 143 40 Maggie,
609 1895 128 42 though
755 1893 147 43 scarcely
918 1893 123 43 fifteen,
1060 1894 120 42 offered
1201 1894 60 42 her
1277 1895 155 42 services.

448 1949 66 30 She
541 1947 119 40 passed
686 1946 56 42 the
768 1944 150 44 required
944 1944 235 44 examination,
1199 1945 64 42 and
1284 1956 68 31 was
1377 1956 55 31 ap¬

447 1998 134 41 pointed
609 2001 33 38 to
670 2007 18 32 a
720 1995 111 44 school
865 1998 33 42 at
931 1994 167 45 Bellevue,
1128 1999 177 40 seventeen
1337 1996 96 43 miles
