1725 2400
443 376 29 24 14

681 369 84 25 THE
783 368 178 33 JUBILEE
978 370 180 31 SINGERS.

438 459 18 20 a
481 447 120 40 special
625 448 71 39 love
720 448 48 39 for
789 447 116 41 music,
924 447 64 40 and
1014 447 126 40 though
1165 447 40 40 he
1230 447 66 40 had
1323 458 100 30 never

437 500 65 30 had
531 509 63 30 any
620 498 138 41 musical
785 497 197 42 instruction
1010 497 142 42 himself,
1173 498 63 41 and
1263 498 96 41 made
1379 495 42 44 ho

436 549 207 40 pretensions
671 559 36 30 as
735 559 19 30 a
774 548 150 42 vocalist,
942 548 52 42 his
1024 548 132 42 schools
1182 558 84 32 were
1290 548 131 42 famous

435 600 49 30 for
510 600 55 30 the
592 600 84 39 good
705 599 133 39 singing
863 598 108 40 which
1003 600 40 39 he
1070 598 66 40 had
1167 597 56 41 the
1257 597 109 41 knack
1389 598 35 40 of

432 650 131 39 getting
580 653 55 36 out
654 649 34 40 of
701 648 51 41 his
769 649 120 40 pupils.

476 700 147 39 Leaving
645 700 56 39 the
729 699 204 40 schoolroom
959 700 48 39 for
1026 701 56 39 the
1104 711 106 29 camp,
1230 700 41 39 he
1293 699 116 40 fought

432 750 48 30 for
504 750 55 30 the
590 751 108 31 Union
719 750 32 32 in
776 751 55 31 the
855 751 117 39 bloody
1000 751 120 39 battles
1143 751 34 39 of
1203 750 205 40 Gettysburg

432 802 63 30 and
513 801 287 32 Chancellorsville
813 813 7 26 ;
847 802 63 36 and
924 802 56 36 the
997 801 87 37 close
1101 801 35 37 of
1149 801 56 38 the
1222 811 68 27 war
1305 801 100 38 found

432 852 66 30 him
530 852 31 30 in
592 852 54 30 the
678 852 129 40 employ
834 852 33 40 of
888 852 55 40 the
971 852 210 41 Freedmen's
1210 852 132 40 Bureau
1371 855 33 37 at

433 903 179 30 Nashville.
681 903 52 30 He
765 903 63 31 had
860 903 80 31 been
981 903 141 39 actively
1152 902 179 40 interested
1371 903 32 39 in

431 954 260 39 Sunday-school
716 954 88 39 work
834 963 120 30 among
984 954 57 39 the
1068 953 179 40 freedmen,
1280 953 63 40 and
1368 957 33 36 at

429 1005 54 30 the
501 1005 140 39 opening
657 1004 34 40 of
711 1005 78 39 Fisk
807 1005 118 39 School
944 1014 67 30 was
1029 1004 125 40 invited
1172 1004 40 40 by
1231 1004 170 40 Professor

429 1055 123 39 Ogden,
572 1054 41 40 its
639 1055 174 39 Principal,
832 1059 33 36 to
891 1055 115 39 devote
1029 1054 51 40 his
1103 1054 118 40 leisure
1244 1054 101 40 hours
1368 1057 34 37 to

428 1105 54 30 the
498 1105 195 30 instruction
713 1105 33 30 of
760 1105 54 30 the
832 1104 109 39 pupils
963 1104 32 39 in
1013 1105 93 39 vocal
1124 1104 117 39 music.
1288 1104 111 39 When

428 1155 78 30 Fisk
539 1155 190 39 University
765 1165 67 29 was
876 1155 182 39 chartered,
1098 1155 40 39 he
1185 1155 134 39 became
1358 1155 44 39 its

426 1205 237 31 treasurer—in
694 1206 93 30 other
817 1206 116 37 words,
966 1205 42 38 its
1041 1206 290 37 man-of-all-work
1365 1206 33 36 in

425 1257 149 30 business
592 1260 147 27 matters.

466 1307 70 30 The
564 1317 148 29 progress
741 1305 93 40 made
856 1306 40 39 by
921 1306 51 39 his
998 1307 87 39 large
1114 1305 132 41 singing
1273 1307 125 39 classes

423 1367 66 21 was
507 1367 18 21 a
543 1356 140 39 surprise
701 1356 62 39 and
780 1356 123 39 delight
920 1360 33 36 to
971 1356 78 39 him.
1090 1356 93 39 With
1201 1367 18 29 a
1236 1357 158 39 presenti¬

423 1410 99 33 ment,
542 1406 189 40 seemingly,
757 1406 33 40 of
810 1407 87 39 what
918 1417 67 29 was
1009 1407 141 39 coming,
1168 1406 40 40 he
1233 1407 104 40 began
1360 1412 34 35 to

422 1458 72 39 pick
518 1461 55 36 out
597 1458 55 39 the
677 1461 84 36 most
786 1457 180 40 promising
984 1457 110 40 voices
1119 1458 64 39 and
1206 1457 72 41 give
1302 1458 90 40 them

420 1509 71 30 that
516 1509 122 40 special
659 1509 143 40 training
825 1509 48 40 for
894 1508 108 41 which
1024 1509 51 40 his
1098 1519 71 30 own
1188 1508 205 41 remarkable

420 1570 97 29 range
549 1560 33 39 of
619 1560 100 39 voice,
759 1559 135 40 instinct
938 1559 48 40 for
1017 1558 141 41 musical
1190 1558 104 41 effect,
1328 1559 64 40 and

418 1608 197 39 magnetism
633 1620 36 28 as
686 1619 19 29 a
723 1608 213 40 drill-master
951 1617 35 30 so
1004 1608 72 40 well
1092 1607 93 41 fitted
1202 1607 82 41 him.

459 1659 37 30 In
524 1659 56 30 the
606 1659 111 39 spring
743 1658 34 40 of
801 1659 80 39 1867
906 1659 40 39 he
972 1668 81 30 gave
1080 1668 19 30 a
1121 1658 110 40 public
1259 1662 132 36 concert

415 1709 78 30 with
515 1709 51 30 his
588 1710 111 30 school
723 1710 129 36 chorus,
876 1709 107 37 which
1009 1719 68 27 was
1104 1719 19 27 a
1144 1712 93 37 great
1258 1719 132 30 success

414 1759 196 40 financially,
630 1760 63 39 and
710 1770 19 30 a
747 1763 129 36 greater
891 1770 60 30 one
970 1760 31 39 in
1027 1759 142 40 opening
1187 1759 54 40 the
1260 1770 76 30 eyes
1359 1759 36 40 of

413 1810 54 30 the
483 1810 98 30 white
598 1810 114 39 people
731 1814 33 35 to
782 1810 55 39 the
862 1809 212 39 possibilities
1096 1810 73 39 that
1192 1810 54 39 lay
1266 1809 121 39 hidden

411 1860 31 30 in
474 1860 55 30 the
561 1860 171 30 education
766 1860 33 30 of
827 1860 55 31 the
915 1860 123 31 blacks.
1085 1860 27 30 A
1143 1860 133 40 leading
1300 1860 87 40 daily

411 1911 198 39 interpreted
632 1911 55 39 the
711 1913 131 37 concert
869 1920 36 30 as
927 1909 153 41 evidence
1105 1909 72 41 that
1206 1909 56 41 the
1286 1920 99 30 negro

408 1971 66 20 was
492 1960 198 40 susceptible
707 1959 35 41 of
754 1960 183 40 education,
956 1961 63 39 and
1036 1960 107 40 raised
1160 1960 56 40 the
1234 1961 150 40 question

408 2010 146 32 whether
570 2011 24 31 it
612 2021 66 21 was
696 2014 56 28 not
771 2010 55 32 the
847 2011 81 39 duty
948 2010 36 41 of
1004 2010 55 40 the
1079 2011 165 39 Southern
1269 2013 114 39 people
