1723 2397
470 495 55 30 the
542 502 78 22 sons
636 490 34 34 of
687 499 41 25 an
747 481 186 43 unlettered
947 477 89 47 freed
1053 482 141 42 woman,
1210 468 75 57 who
1296 465 66 60 had
1379 471 75 53 con¬

471 543 149 31 secrated
652 549 96 27 every
777 543 95 33 spare
903 529 105 47 dollar
1039 525 33 51 of
1092 524 59 52 her
1177 518 83 58 hard
1290 513 166 63 earnings,

473 597 49 28 for
546 594 95 31 these
667 594 57 30 ten
750 594 107 32 years,
886 585 33 40 to
946 578 53 48 aid
1024 576 59 49 her
1106 573 81 52 boys
1212 569 33 57 in
1263 564 131 61 getting
1416 571 42 54 an

474 643 186 32 education.
709 639 30 36 It
756 645 69 30 was
843 644 18 31 a
885 629 104 46 proud
1007 627 84 48 hour
1106 624 50 51 for
1178 621 60 54 her
1260 617 96 58 when
1382 613 81 62 they

476 693 136 40 stepped
630 699 87 33 upon
734 687 57 45 the
809 689 93 44 stage
919 685 35 48 to
978 676 126 57 receive
1121 671 88 62 their
1232 668 231 65 diplomas—a

477 755 97 21 scene
603 742 72 33 that
704 740 25 36 it
754 735 109 40 would
892 734 84 42 have
1002 730 84 45 done
1108 725 57 51 the
1194 723 96 53 heart
1313 719 33 57 of
1369 726 96 49 every

480 795 205 33 contributor
703 795 30 33 to
753 786 81 41 Fisk
852 780 195 47 University
1061 775 84 52 good
1161 777 33 50 to
1214 782 65 45 see.

522 847 73 30 The
624 840 201 41 completion
854 835 64 45 and
945 837 192 43 occupancy
1169 824 34 57 of
1231 820 129 60 Jubilee
1386 817 81 63 Hall

482 908 65 21 was
564 894 140 34 another
722 891 34 37 of
777 889 56 39 the
851 885 182 43 important
1058 880 117 48 events
1191 873 34 55 of
1247 873 93 56 1875.
1380 868 87 60 Both

483 949 33 30 in
534 948 43 30 its
603 939 234 39 architectural
861 942 205 37 appearance
1086 929 65 50 and
1173 921 200 57 substantial
1395 930 74 48 con¬

486 999 162 31 struction
675 994 34 36 of
729 993 57 37 the
813 992 88 38 most
925 983 134 47 durable
1080 976 182 54 materials,
1284 984 36 45 as
1344 972 72 58 well
1435 981 35 48 as

487 1050 33 30 in
538 1050 42 30 its
597 1044 180 36 admirable
795 1036 193 44 adaptation
1005 1038 34 42 to
1057 1032 57 48 the
1132 1028 194 52 permanent
1344 1033 75 47 uses
1443 1022 34 58 of

489 1101 56 30 the
564 1094 203 39 University,
786 1092 24 41 it
836 1089 27 43 is
888 1087 44 45 all
955 1086 75 47 that
1055 1081 96 51 could
1175 1080 40 53 be
1239 1076 140 57 desired.
1425 1074 49 58 Its

489 1149 91 31 walls
591 1158 54 23 are
663 1146 34 35 of
708 1143 102 38 brick,
822 1140 82 40 with
919 1141 94 39 stone
1027 1130 213 51 foundations
1254 1128 64 53 and
1328 1125 126 55 facings
1467 1135 8 45 ;

492 1211 98 28 every
605 1200 73 39 part
693 1195 34 44 of
747 1193 57 46 the
824 1190 91 49 work
936 1197 87 42 upon
1043 1185 24 54 it
1084 1185 60 54 has
1167 1182 82 57 been
1272 1179 84 60 done
1372 1177 33 62 in
1422 1176 55 63 the

493 1254 87 28 most
597 1245 167 39 thorough
790 1250 148 35 manner,
957 1237 65 48 and
1050 1236 24 49 it
1097 1234 27 51 is
1146 1230 147 54 believed
1315 1233 34 51 to
1365 1227 39 57 be
1422 1226 55 59 the

494 1305 73 29 best
597 1298 150 38 building
777 1295 35 41 of
832 1294 42 42 its
900 1291 78 45 kind
1005 1289 33 47 in
1070 1286 57 50 the
1158 1281 166 54 Southern
1356 1280 123 56 States.

497 1352 178 37 Crowning
696 1360 19 29 a
735 1342 236 47 commanding
993 1338 171 51 eminence
1188 1331 214 58 overlooking
1424 1329 56 60 the

498 1404 121 41 capital
636 1402 66 42 city
717 1400 34 45 of
765 1398 189 47 Tennessee
972 1390 65 54 and
1053 1389 56 56 the
1125 1384 160 60 beautiful
1305 1380 179 64 encircling

497 1455 109 37 valley
637 1452 34 41 of
690 1449 57 43 the
780 1441 235 51 Cumberland,
1041 1439 24 54 it
1094 1435 127 57 Stands,
1254 1436 57 57 not
1335 1431 78 62 only
1442 1440 41 53 an

500 1504 164 38 enduring
679 1500 65 42 and
761 1500 87 42 most
864 1494 111 48 fitting
992 1491 195 51 monument
1203 1490 35 52 to
1254 1484 57 58 the
1327 1482 78 60 toils
1422 1480 64 62 and

500 1555 167 39 triumphs
684 1552 34 42 of
728 1551 56 44 the
800 1546 130 48 Jubilee
948 1544 135 51 Singers
1101 1539 64 56 and
1182 1542 33 53 to
1232 1536 57 59 the
1308 1531 178 63 sympathy

503 1609 64 31 and
584 1602 188 44 generosity
797 1599 114 47 shown
936 1595 93 51 them
1055 1593 42 54 by
1113 1590 56 57 the
1188 1585 169 61 Christian
1374 1581 110 65 public

504 1671 41 19 on
562 1658 80 33 both
660 1655 87 36 sides
760 1652 35 39 of
807 1650 57 40 the
877 1645 159 45 Atlantic,
1050 1642 59 48 but
1127 1652 18 39 a
1162 1635 171 55 perpetual
1351 1633 136 57 inspira¬

504 1712 70 31 tion
595 1713 35 30 to
650 1707 57 36 the
730 1704 89 39 freed
843 1699 116 44 people
984 1707 36 36 as
1039 1695 80 48 they
1136 1690 147 53 struggle
1305 1690 57 53 out
1380 1685 34 58 of
1434 1684 57 59 the

506 1759 117 39 slough
640 1758 35 40 of
695 1756 177 42 ignorance
891 1750 63 48 and
972 1746 102 51 social
1097 1741 221 57 proscription
1335 1739 33 59 in
1384 1735 108 63 which

508 1806 246 40 emancipation
778 1802 102 44 found
904 1801 104 45 them.

550 1863 67 27 But
630 1857 56 33 the
702 1865 80 27 very
804 1860 135 33 success
958 1848 33 44 of
1014 1847 93 45 these
1123 1853 97 39 years
1242 1842 66 51 had
1324 1837 171 55 increased

509 1913 56 30 the
585 1906 160 36 demands
768 1912 87 30 upon
877 1901 56 42 the
952 1895 194 48 University
1161 1894 103 48 faster
1283 1893 82 50 than
1386 1890 26 52 it
1431 1889 66 54 had

511 1959 150 42 supplied
698 1957 57 44 the
793 1961 116 40 means
947 1948 36 53 of
1016 1944 147 57 meeting
1198 1943 105 58 them.
1362 1942 31 59 It
1432 1940 66 61 had

512 2010 156 34 achieved
691 2005 120 39 results
837 2001 75 42 that
929 1994 249 50 demonstrated
1194 1993 57 51 the
1275 1992 168 52 necessity
1467 1990 34 54 of

513 2065 44 28 its
582 2060 165 33 existence
772 2054 63 39 and
855 2047 202 46 guaranteed
1080 2046 43 47 its
1149 2053 232 40 permanence.
1431 2043 69 51 But

720 403 84 26 THE
824 396 179 38 JUBILEE
1021 388 185 45 SINGERS.
